%% This BibTeX bibliography file was created using BibDesk.
%% http://bibdesk.sourceforge.net/


%% Created for Natalie Cooper at 2014-05-14 14:16:00 +0100 


%% Saved with string encoding Unicode (UTF-8) 



@article{ISI:000313364500016,
	Author = {Ross, Laura and Hardy, Nate B. and Okusu, Akiko and Normark, Benjamin B.},
	Date-Added = {2014-05-14 13:15:29 +0000},
	Date-Modified = {2014-05-14 13:15:29 +0000},
	Doi = {{10.1111/j.1558-5646.2012.01784.x}},
	Issn = {{0014-3820}},
	Journal = {{EVOLUTION}},
	Month = {{JAN}},
	Number = {{1}},
	Pages = {{196-206}},
	Title = {{LARGE POPULATION SIZE PREDICTS THE DISTRIBUTION OF ASEXUALITY IN SCALE INSECTS}},
	Unique-Id = {{ISI:000313364500016}},
	Volume = {{67}},
	Year = {{2013}},
	Bdsk-Url-1 = {http://dx.doi.org/10.1111/j.1558-5646.2012.01784.x%7D}}

@article{ISI:000312894700019,
	Author = {Kelkar, Yogeshwar D. and Ochman, Howard},
	Date-Added = {2014-05-14 13:15:29 +0000},
	Date-Modified = {2014-05-14 13:15:29 +0000},
	Doi = {{10.1534/genetics.112.145656}},
	Issn = {{0016-6731}},
	Journal = {{GENETICS}},
	Month = {{JAN}},
	Number = {{1}},
	Pages = {{303-307}},
	Title = {{Genome Reduction Promotes Increase in Protein Functional Complexity in Bacteria}},
	Unique-Id = {{ISI:000312894700019}},
	Volume = {{193}},
	Year = {{2013}},
	Bdsk-Url-1 = {http://dx.doi.org/10.1534/genetics.112.145656%7D}}

@article{ISI:000313095400006,
	Author = {Mason, Leanda D. and Tomlinson, Sean and Withers, Philip C. and Main, Barbara Y.},
	Date-Added = {2014-05-14 13:15:29 +0000},
	Date-Modified = {2014-05-14 13:15:29 +0000},
	Doi = {{10.1007/s00360-012-0681-8}},
	Issn = {{0174-1578}},
	Journal = {{JOURNAL OF COMPARATIVE PHYSIOLOGY B-BIOCHEMICAL SYSTEMIC AND ENVIRONMENTAL PHYSIOLOGY}},
	Month = {{JAN}},
	Number = {{1}},
	Pages = {{71-82}},
	Researcherid-Numbers = {{Withers, Philip/A-3005-2013}},
	Title = {{Thermal and hygric physiology of Australian burrowing mygalomorph spiders (Aganippe spp.)}},
	Unique-Id = {{ISI:000313095400006}},
	Volume = {{183}},
	Year = {{2013}},
	Bdsk-Url-1 = {http://dx.doi.org/10.1007/s00360-012-0681-8%7D}}

@article{ISI:000312653000007,
	Author = {Lipnerova, Ivana and Bures, Petr and Horova, Lucie and Smarda, Petr},
	Date-Added = {2014-05-14 13:15:29 +0000},
	Date-Modified = {2014-05-14 13:15:29 +0000},
	Doi = {{10.1093/aob/mcs239}},
	Issn = {{0305-7364}},
	Journal = {{ANNALS OF BOTANY}},
	Month = {{JAN}},
	Number = {{1}},
	Pages = {{79-94}},
	Title = {{Evolution of genome size in Carex (Cyperaceae) in relation to chromosome number and genomic base composition}},
	Unique-Id = {{ISI:000312653000007}},
	Volume = {{111}},
	Year = {{2013}},
	Bdsk-Url-1 = {http://dx.doi.org/10.1093/aob/mcs239%7D}}

@article{ISI:000312556500013,
	Author = {Zhang, Lixia and Lu, Xin},
	Date-Added = {2014-05-14 13:15:29 +0000},
	Date-Modified = {2014-05-14 13:15:29 +0000},
	Issn = {{1674-5507}},
	Journal = {{CURRENT ZOOLOGY}},
	Number = {{1}},
	Pages = {{142-150}},
	Title = {{Ontogenetic mechanisms underlying sexual size dimorphism in Urodele amphibians: An across-species approach}},
	Unique-Id = {{ISI:000312556500013}},
	Volume = {{59}},
	Year = {{2013}}}

@article{ISI:000312534700010,
	Author = {Lavoie, Claude and Shah, Manzoor A. and Bergeron, Alexandre and Villeneuve, Paul},
	Date-Added = {2014-05-14 13:15:29 +0000},
	Date-Modified = {2014-05-14 13:15:29 +0000},
	Doi = {{10.1111/ddi.12014}},
	Issn = {{1366-9516}},
	Journal = {{DIVERSITY AND DISTRIBUTIONS}},
	Month = {{JAN}},
	Number = {{1}},
	Pages = {{98-105}},
	Title = {{Explaining invasiveness from the extent of native range: new insights from plant atlases and herbarium specimens}},
	Unique-Id = {{ISI:000312534700010}},
	Volume = {{19}},
	Year = {{2013}},
	Bdsk-Url-1 = {http://dx.doi.org/10.1111/ddi.12014%7D}}

@article{ISI:000312455800007,
	Author = {Dostal, Petr and Dawson, Wayne and van Kleunen, Mark and Keser, Lidewij H. and Fischer, Markus},
	Date-Added = {2014-05-14 13:15:29 +0000},
	Date-Modified = {2014-05-14 13:15:29 +0000},
	Doi = {{10.1111/j.1466-8238.2011.00754.x}},
	Issn = {{1466-822X}},
	Journal = {{GLOBAL ECOLOGY AND BIOGEOGRAPHY}},
	Month = {{JAN}},
	Number = {{1}},
	Pages = {{64-72}},
	Researcherid-Numbers = {{Fischer, Markus/C-6411-2008 van Kleunen, Mark/B-3769-2009}},
	Title = {{Central European plant species from more productive habitats are more invasive at a global scale}},
	Unique-Id = {{ISI:000312455800007}},
	Volume = {{22}},
	Year = {{2013}},
	Bdsk-Url-1 = {http://dx.doi.org/10.1111/j.1466-8238.2011.00754.x%7D}}

@article{ISI:000312417800010,
	Author = {Shultz, Allison J. and Burns, Kevin J.},
	Date-Added = {2014-05-14 13:15:29 +0000},
	Date-Modified = {2014-05-14 13:15:29 +0000},
	Doi = {{10.1016/j.ympev.2012.09.011}},
	Eissn = {{1095-9513}},
	Issn = {{1055-7903}},
	Journal = {{MOLECULAR PHYLOGENETICS AND EVOLUTION}},
	Month = {{JAN}},
	Number = {{1}},
	Pages = {{112-125}},
	Title = {{Plumage evolution in relation to light environment in a novel clade of Neotropical tanagers}},
	Unique-Id = {{ISI:000312417800010}},
	Volume = {{66}},
	Year = {{2013}},
	Bdsk-Url-1 = {http://dx.doi.org/10.1016/j.ympev.2012.09.011%7D}}

@article{ISI:000315120300010,
	Author = {Pyenson, Nicholas D. and Goldbogen, Jeremy A. and Shadwick, Robert E.},
	Date-Added = {2014-05-14 13:15:22 +0000},
	Date-Modified = {2014-05-14 13:15:22 +0000},
	Doi = {{10.1111/j.1095-8312.2012.02032.x}},
	Issn = {{0024-4066}},
	Journal = {{BIOLOGICAL JOURNAL OF THE LINNEAN SOCIETY}},
	Month = {{MAR}},
	Number = {{3}},
	Pages = {{586-599}},
	Title = {{Mandible allometry in extant and fossil Balaenopteridae (Cetacea: Mammalia): the largest vertebrate skeletal element and its role in rorqual lunge feeding}},
	Unique-Id = {{ISI:000315120300010}},
	Volume = {{108}},
	Year = {{2013}},
	Bdsk-Url-1 = {http://dx.doi.org/10.1111/j.1095-8312.2012.02032.x%7D}}

@article{ISI:000315313200011,
	Author = {Royer-Carenzi, Manuela and Pontarotti, Pierre and Didier, Gilles},
	Date-Added = {2014-05-14 13:15:22 +0000},
	Date-Modified = {2014-05-14 13:15:22 +0000},
	Doi = {{10.1016/j.mbs.2012.12.003}},
	Eissn = {{1879-3134}},
	Issn = {{0025-5564}},
	Journal = {{MATHEMATICAL BIOSCIENCES}},
	Month = {{MAR}},
	Number = {{1}},
	Pages = {{95-109}},
	Title = {{Choosing the best ancestral character state reconstruction method}},
	Unique-Id = {{ISI:000315313200011}},
	Volume = {{242}},
	Year = {{2013}},
	Bdsk-Url-1 = {http://dx.doi.org/10.1016/j.mbs.2012.12.003%7D}}

@article{ISI:000314656200020,
	Author = {Olson, Mark E. and Rosell, Julieta A.},
	Date-Added = {2014-05-14 13:15:22 +0000},
	Date-Modified = {2014-05-14 13:15:22 +0000},
	Doi = {{10.1111/nph.12097}},
	Issn = {{0028-646X}},
	Journal = {{NEW PHYTOLOGIST}},
	Month = {{MAR}},
	Number = {{4}},
	Pages = {{1204-1213}},
	Researcherid-Numbers = {{Rosell, Julieta/J-7463-2013}},
	Title = {{Vessel diameterstem diameter scaling across woody angiosperms and the ecological causes of xylem vessel diameter variation}},
	Unique-Id = {{ISI:000314656200020}},
	Volume = {{197}},
	Year = {{2013}},
	Bdsk-Url-1 = {http://dx.doi.org/10.1111/nph.12097%7D}}

@article{ISI:000315333600003,
	Author = {Galvan, Ismael and Moller, Anders P.},
	Date-Added = {2014-05-14 13:15:22 +0000},
	Date-Modified = {2014-05-14 13:15:22 +0000},
	Doi = {{10.1086/668871}},
	Issn = {{1522-2152}},
	Journal = {{PHYSIOLOGICAL AND BIOCHEMICAL ZOOLOGY}},
	Month = {{MAR-APR}},
	Number = {{2}},
	Pages = {{184-192}},
	Title = {{Pheomelanin-Based Plumage Coloration Predicts Survival Rates in Birds}},
	Unique-Id = {{ISI:000315333600003}},
	Volume = {{86}},
	Year = {{2013}},
	Bdsk-Url-1 = {http://dx.doi.org/10.1086/668871%7D}}

@article{ISI:000314988900002,
	Author = {Knope, M. L. and Scales, J. A.},
	Date-Added = {2014-05-14 13:15:22 +0000},
	Date-Modified = {2014-05-14 13:15:22 +0000},
	Doi = {{10.1111/jeb.12088}},
	Issn = {{1010-061X}},
	Journal = {{JOURNAL OF EVOLUTIONARY BIOLOGY}},
	Month = {{MAR}},
	Number = {{3}},
	Pages = {{472-482}},
	Title = {{Adaptive morphological shifts to novel habitats in marine sculpin fishes}},
	Unique-Id = {{ISI:000314988900002}},
	Volume = {{26}},
	Year = {{2013}},
	Bdsk-Url-1 = {http://dx.doi.org/10.1111/jeb.12088%7D}}

@article{ISI:000314524900010,
	Author = {Cayssials, Valerie and Rodriguez, Claudia},
	Date-Added = {2014-05-14 13:15:22 +0000},
	Date-Modified = {2014-05-14 13:15:22 +0000},
	Doi = {{10.1007/s10682-012-9601-3}},
	Issn = {{0269-7653}},
	Journal = {{EVOLUTIONARY ECOLOGY}},
	Month = {{MAR}},
	Number = {{2}},
	Pages = {{393-407}},
	Title = {{Functional traits of grasses growing in open and shaded habitats}},
	Unique-Id = {{ISI:000314524900010}},
	Volume = {{27}},
	Year = {{2013}},
	Bdsk-Url-1 = {http://dx.doi.org/10.1007/s10682-012-9601-3%7D}}

@article{ISI:000314887600001,
	Author = {Adams, Dean C.},
	Date-Added = {2014-05-14 13:15:22 +0000},
	Date-Modified = {2014-05-14 13:15:22 +0000},
	Doi = {{10.1093/sysbio/sys083}},
	Eissn = {{1076-836X}},
	Issn = {{1063-5157}},
	Journal = {{SYSTEMATIC BIOLOGY}},
	Month = {{MAR}},
	Number = {{2}},
	Pages = {{181-192}},
	Title = {{Comparing Evolutionary Rates for Different Phenotypic Traits on a Phylogeny Using Likelihood}},
	Unique-Id = {{ISI:000314887600001}},
	Volume = {{62}},
	Year = {{2013}},
	Bdsk-Url-1 = {http://dx.doi.org/10.1093/sysbio/sys083%7D}}

@article{ISI:000314887600002,
	Author = {Landis, Michael J. and Schraiber, Joshua G. and Liang, Mason},
	Date-Added = {2014-05-14 13:15:22 +0000},
	Date-Modified = {2014-05-14 13:15:22 +0000},
	Doi = {{10.1093/sysbio/sys086}},
	Issn = {{1063-5157}},
	Journal = {{SYSTEMATIC BIOLOGY}},
	Month = {{MAR}},
	Number = {{2}},
	Pages = {{193-204}},
	Title = {{Phylogenetic Analysis Using Levy Processes: Finding Jumps in the Evolution of Continuous Traits}},
	Unique-Id = {{ISI:000314887600002}},
	Volume = {{62}},
	Year = {{2013}},
	Bdsk-Url-1 = {http://dx.doi.org/10.1093/sysbio/sys086%7D}}

@article{ISI:000314838700003,
	Author = {Sacchi, Roberto and Hardersen, Soenke},
	Date-Added = {2014-05-14 13:15:22 +0000},
	Date-Modified = {2014-05-14 13:15:22 +0000},
	Doi = {{10.1007/s00435-012-0172-1}},
	Issn = {{0720-213X}},
	Journal = {{ZOOMORPHOLOGY}},
	Month = {{MAR}},
	Number = {{1}},
	Pages = {{23-32}},
	Researcherid-Numbers = {{Sacchi, Roberto/E-2141-2011}},
	Title = {{Wing length allometry in Odonata: differences between families in relation to migratory behaviour}},
	Unique-Id = {{ISI:000314838700003}},
	Volume = {{132}},
	Year = {{2013}},
	Bdsk-Url-1 = {http://dx.doi.org/10.1007/s00435-012-0172-1%7D}}

@article{ISI:000315519000130,
	Article-Number = {{e57565}},
	Author = {Mettke-Hofmann, Claudia and Winkler, Hans and Hamel, Paul B. and Greenberg, Russell},
	Date-Added = {2014-05-14 13:15:22 +0000},
	Date-Modified = {2014-05-14 13:15:22 +0000},
	Doi = {{10.1371/journal.pone.0057565}},
	Issn = {{1932-6203}},
	Journal = {{PLOS ONE}},
	Month = {{FEB 27}},
	Number = {{2}},
	Title = {{Migratory New World Blackbirds (Icterids) Are More Neophobic than Closely Related Resident Icterids}},
	Unique-Id = {{ISI:000315519000130}},
	Volume = {{8}},
	Year = {{2013}},
	Bdsk-Url-1 = {http://dx.doi.org/10.1371/journal.pone.0057565%7D}}

@article{ISI:000315822200001,
	Article-Number = {{53}},
	Author = {Davis, Aaron M. and Unmack, Peter J. and Pusey, Bradley J. and Pearson, Richard G. and Morgan, David L.},
	Date-Added = {2014-05-14 13:15:22 +0000},
	Date-Modified = {2014-05-14 13:15:22 +0000},
	Doi = {{10.1186/1471-2148-13-53}},
	Issn = {{1471-2148}},
	Journal = {{BMC EVOLUTIONARY BIOLOGY}},
	Month = {{FEB 25}},
	Title = {{Ontogenetic development of intestinal length and relationships to diet in an Australasian fish family (Terapontidae)}},
	Unique-Id = {{ISI:000315822200001}},
	Volume = {{13}},
	Year = {{2013}},
	Bdsk-Url-1 = {http://dx.doi.org/10.1186/1471-2148-13-53%7D}}

@article{ISI:000318128300021,
	Author = {Hanna, Emily and Cardillo, Marcel},
	Date-Added = {2014-05-14 13:15:22 +0000},
	Date-Modified = {2014-05-14 13:15:22 +0000},
	Doi = {{10.1016/j.biocon.2012.08.014}},
	Eissn = {{1873-2917}},
	Issn = {{0006-3207}},
	Journal = {{BIOLOGICAL CONSERVATION}},
	Month = {{FEB}},
	Pages = {{196-204}},
	Title = {{A comparison of current and reconstructed historic geographic range sizes as predictors of extinction risk in Australian mammals}},
	Unique-Id = {{ISI:000318128300021}},
	Volume = {{158}},
	Year = {{2013}},
	Bdsk-Url-1 = {http://dx.doi.org/10.1016/j.biocon.2012.08.014%7D}}

@article{ISI:000316434000001,
	Author = {Carmona, Carlos P. and Azcarate, Francisco M. and Peco, Begona},
	Date-Added = {2014-05-14 13:15:22 +0000},
	Date-Modified = {2014-05-14 13:15:22 +0000},
	Doi = {{10.1016/j.actao.2012.11.001}},
	Issn = {{1146-609X}},
	Journal = {{ACTA OECOLOGICA-INTERNATIONAL JOURNAL OF ECOLOGY}},
	Month = {{FEB}},
	Orcid-Numbers = {{Azcarate, Francisco/0000-0002-6517-6395 Peco, Begona/0000-0003-2149-1438}},
	Pages = {{1-7}},
	Researcherid-Numbers = {{Azcarate, Francisco/M-1731-2013 Peco, Begona/C-1197-2012}},
	Title = {{Does cattle dung cause differences between grazing increaser and decreaser germination response?}},
	Unique-Id = {{ISI:000316434000001}},
	Volume = {{47}},
	Year = {{2013}},
	Bdsk-Url-1 = {http://dx.doi.org/10.1016/j.actao.2012.11.001%7D}}

@article{ISI:000316430400001,
	Author = {Hofmann, Maria and Buetof, Astrid and Welk, Erik and Bruelheide, Helge},
	Date-Added = {2014-05-14 13:15:22 +0000},
	Date-Modified = {2014-05-14 13:15:22 +0000},
	Issn = {{0032-7786}},
	Journal = {{PRESLIA}},
	Month = {{FEB}},
	Number = {{1}},
	Orcid-Numbers = {{Bruelheide, Helge/0000-0003-3135-0356}},
	Pages = {{1-17}},
	Researcherid-Numbers = {{Bruelheide, Helge/G-3907-2013}},
	Title = {{Relationship between fundamental and realized niches in terms of frost and drought resistance}},
	Unique-Id = {{ISI:000316430400001}},
	Volume = {{85}},
	Year = {{2013}}}

@article{ISI:000314989100003,
	Author = {Becerra, Federico and Casinos, Adria and Ivan Vassallo, Aldo},
	Date-Added = {2014-05-14 13:15:22 +0000},
	Date-Modified = {2014-05-14 13:15:22 +0000},
	Doi = {{10.1002/jez.1770}},
	Issn = {{1932-5223}},
	Journal = {{JOURNAL OF EXPERIMENTAL ZOOLOGY PART A-ECOLOGICAL GENETICS AND PHYSIOLOGY}},
	Month = {{FEB}},
	Number = {{2}},
	Pages = {{74-85}},
	Title = {{Biting Performance and Skull Biomechanics of a Chisel Tooth Digging Rodent (Ctenomys tuconax; Caviomorpha; Octodontoidea)}},
	Unique-Id = {{ISI:000314989100003}},
	Volume = {{319A}},
	Year = {{2013}},
	Bdsk-Url-1 = {http://dx.doi.org/10.1002/jez.1770%7D}}

@article{ISI:000314388700007,
	Author = {Steuer, Patrick and Suedekum, Karl-Heinz and Mueller, Dennis W. H. and Kaandorp, Jacques and Clauss, Marcus and Hummel, Juergen},
	Date-Added = {2014-05-14 13:15:22 +0000},
	Date-Modified = {2014-05-14 13:15:22 +0000},
	Doi = {{10.1016/j.cbpa.2012.10.026}},
	Issn = {{1095-6433}},
	Journal = {{COMPARATIVE BIOCHEMISTRY AND PHYSIOLOGY A-MOLECULAR \& INTEGRATIVE PHYSIOLOGY}},
	Month = {{FEB}},
	Number = {{2}},
	Orcid-Numbers = {{Clauss, Marcus/0000-0003-3841-6207}},
	Pages = {{319-326}},
	Researcherid-Numbers = {{Clauss, Marcus/A-4710-2008}},
	Title = {{Fibre digestibility in large herbivores as related to digestion type and body mass - An in vitro approach}},
	Unique-Id = {{ISI:000314388700007}},
	Volume = {{164}},
	Year = {{2013}},
	Bdsk-Url-1 = {http://dx.doi.org/10.1016/j.cbpa.2012.10.026%7D}}

@article{ISI:000314167400005,
	Author = {Kutsukake, Nobuyuki and Innan, Hideki},
	Date-Added = {2014-05-14 13:15:22 +0000},
	Date-Modified = {2014-05-14 13:15:22 +0000},
	Doi = {{10.1111/j.1558-5646.2012.01775.x}},
	Issn = {{0014-3820}},
	Journal = {{EVOLUTION}},
	Month = {{FEB}},
	Number = {{2}},
	Pages = {{355-367}},
	Title = {{SIMULATION-BASED LIKELIHOOD APPROACH FOR EVOLUTIONARY MODELS OF PHENOTYPIC TRAITS ON PHYLOGENY}},
	Unique-Id = {{ISI:000314167400005}},
	Volume = {{67}},
	Year = {{2013}},
	Bdsk-Url-1 = {http://dx.doi.org/10.1111/j.1558-5646.2012.01775.x%7D}}

@article{ISI:000314167400007,
	Author = {von Hardenberg, Achaz and Gonzalez-Voyer, Alejandro},
	Date-Added = {2014-05-14 13:15:22 +0000},
	Date-Modified = {2014-05-14 13:15:22 +0000},
	Doi = {{10.1111/j.1558-5646.2012.01790.x}},
	Issn = {{0014-3820}},
	Journal = {{EVOLUTION}},
	Month = {{FEB}},
	Number = {{2}},
	Orcid-Numbers = {{CSIC, EBD Donana/0000-0003-4318-6602}},
	Pages = {{378-387}},
	Researcherid-Numbers = {{CSIC, EBD Donana/C-4157-2011}},
	Title = {{DISENTANGLING EVOLUTIONARY CAUSE-EFFECT RELATIONSHIPS WITH PHYLOGENETIC CONFIRMATORY PATH ANALYSIS}},
	Unique-Id = {{ISI:000314167400007}},
	Volume = {{67}},
	Year = {{2013}},
	Bdsk-Url-1 = {http://dx.doi.org/10.1111/j.1558-5646.2012.01790.x%7D}}

@article{ISI:000314167400008,
	Author = {Harrington, Richard C. and Benavides, Edgar and Near, Thomas J.},
	Date-Added = {2014-05-14 13:15:22 +0000},
	Date-Modified = {2014-05-14 13:15:22 +0000},
	Doi = {{10.1111/j.1558-5646.2012.01797.x}},
	Issn = {{0014-3820}},
	Journal = {{EVOLUTION}},
	Month = {{FEB}},
	Number = {{2}},
	Pages = {{388-402}},
	Title = {{PHYLOGENETIC INFERENCE OF NUPTIAL TRAIT EVOLUTION IN THE CONTEXT OF ASYMMETRICAL INTROGRESSION IN NORTH AMERICAN DARTERS (TELEOSTEI)}},
	Unique-Id = {{ISI:000314167400008}},
	Volume = {{67}},
	Year = {{2013}},
	Bdsk-Url-1 = {http://dx.doi.org/10.1111/j.1558-5646.2012.01797.x%7D}}

@article{ISI:000314167400010,
	Author = {Price, Samantha A. and Tavera, Jose J. and Near, Thomas J. and Wainwright, Peter. C.},
	Date-Added = {2014-05-14 13:15:22 +0000},
	Date-Modified = {2014-05-14 13:15:22 +0000},
	Doi = {{10.1111/j.1558-5646.2012.01773.x}},
	Issn = {{0014-3820}},
	Journal = {{EVOLUTION}},
	Month = {{FEB}},
	Number = {{2}},
	Pages = {{417-428}},
	Title = {{ELEVATED RATES OF MORPHOLOGICAL AND FUNCTIONAL DIVERSIFICATION IN REEF-DWELLING HAEMULID FISHES}},
	Unique-Id = {{ISI:000314167400010}},
	Volume = {{67}},
	Year = {{2013}},
	Bdsk-Url-1 = {http://dx.doi.org/10.1111/j.1558-5646.2012.01773.x%7D}}

@article{ISI:000314167400024,
	Author = {Ng, Julienne and Landeen, Emily L. and Logsdon, Ryane M. and Glor, Richard E.},
	Date-Added = {2014-05-14 13:15:22 +0000},
	Date-Modified = {2014-05-14 13:15:22 +0000},
	Doi = {{10.1111/j.1558-5646.2012.01795.x}},
	Issn = {{0014-3820}},
	Journal = {{EVOLUTION}},
	Month = {{FEB}},
	Number = {{2}},
	Orcid-Numbers = {{Glor, Richard/0000-0002-3359-1631}},
	Pages = {{573-582}},
	Researcherid-Numbers = {{Glor, Richard/N-4656-2013}},
	Title = {{CORRELATION BETWEEN ANOLIS LIZARD DEWLAP PHENOTYPE AND ENVIRONMENTAL VARIATION INDICATES ADAPTIVE DIVERGENCE OF A SIGNAL IMPORTANT TO SEXUAL SELECTION AND SPECIES RECOGNITION}},
	Unique-Id = {{ISI:000314167400024}},
	Volume = {{67}},
	Year = {{2013}},
	Bdsk-Url-1 = {http://dx.doi.org/10.1111/j.1558-5646.2012.01795.x%7D}}

@article{ISI:000314167400025,
	Author = {Davis, Robert B. and Ounap, Erki and Javois, Juhan and Gerhold, Pille and Tammaru, Toomas},
	Date-Added = {2014-05-14 13:15:22 +0000},
	Date-Modified = {2014-05-14 13:15:22 +0000},
	Doi = {{10.1111/j.1558-5646.2012.01776.x}},
	Issn = {{0014-3820}},
	Journal = {{EVOLUTION}},
	Month = {{FEB}},
	Number = {{2}},
	Pages = {{583-589}},
	Researcherid-Numbers = {{Gerhold, Pille/H-3714-2011}},
	Title = {{DEGREE OF SPECIALIZATION IS RELATED TO BODY SIZE IN HERBIVOROUS INSECTS: A PHYLOGENETIC CONFIRMATION}},
	Unique-Id = {{ISI:000314167400025}},
	Volume = {{67}},
	Year = {{2013}},
	Bdsk-Url-1 = {http://dx.doi.org/10.1111/j.1558-5646.2012.01776.x%7D}}

@article{ISI:000313878000012,
	Author = {Wardhaugh, Carl W. and Edwards, Will and Stork, Nigel E.},
	Date-Added = {2014-05-14 13:15:22 +0000},
	Date-Modified = {2014-05-14 13:15:22 +0000},
	Doi = {{10.1111/j.1365-2311.2012.01410.x}},
	Issn = {{0307-6946}},
	Journal = {{ECOLOGICAL ENTOMOLOGY}},
	Month = {{FEB}},
	Number = {{1}},
	Pages = {{101-111}},
	Researcherid-Numbers = {{James Cook University, TESS/B-8171-2012}},
	Title = {{Body size variation among invertebrates inhabiting different canopy microhabitat: flower visitors are smaller}},
	Unique-Id = {{ISI:000313878000012}},
	Volume = {{38}},
	Year = {{2013}},
	Bdsk-Url-1 = {http://dx.doi.org/10.1111/j.1365-2311.2012.01410.x%7D}}

@article{ISI:000314122000013,
	Author = {Lartillot, Nicolas},
	Date-Added = {2014-05-14 13:15:22 +0000},
	Date-Modified = {2014-05-14 13:15:22 +0000},
	Doi = {{10.1093/molbev/mss231}},
	Issn = {{0737-4038}},
	Journal = {{MOLECULAR BIOLOGY AND EVOLUTION}},
	Month = {{FEB}},
	Number = {{2}},
	Pages = {{356-368}},
	Title = {{Interaction between Selection and Biased Gene Conversion in Mammalian Protein-Coding Sequence Evolution Revealed by a Phylogenetic Covariance Analysis}},
	Unique-Id = {{ISI:000314122000013}},
	Volume = {{30}},
	Year = {{2013}},
	Bdsk-Url-1 = {http://dx.doi.org/10.1093/molbev/mss231%7D}}

@article{ISI:000313267000007,
	Author = {Ozinga, Wim A. and Colles, Audrey and Bartish, Igor V. and Hennion, Francoise and Hennekens, Stephan M. and Pavoine, Sandrine and Poschlod, Peter and Hermant, Marie and Schaminee, Joop H. J. and Prinzing, Andreas},
	Date-Added = {2014-05-14 13:15:22 +0000},
	Date-Modified = {2014-05-14 13:15:22 +0000},
	Doi = {{10.1111/j.1466-8238.2012.00792.x}},
	Eissn = {{1466-8238}},
	Issn = {{1466-822X}},
	Journal = {{GLOBAL ECOLOGY AND BIOGEOGRAPHY}},
	Month = {{FEB}},
	Number = {{2}},
	Pages = {{213-222}},
	Researcherid-Numbers = {{Schaminee, Joop/L-7701-2013}},
	Title = {{Specialists leave fewer descendants within a region than generalists}},
	Unique-Id = {{ISI:000313267000007}},
	Volume = {{22}},
	Year = {{2013}},
	Bdsk-Url-1 = {http://dx.doi.org/10.1111/j.1466-8238.2012.00792.x%7D}}

@article{ISI:000314811500001,
	Article-Number = {{27}},
	Author = {Han, Xu and Fu, Jinzhong},
	Date-Added = {2014-05-14 13:15:22 +0000},
	Date-Modified = {2014-05-14 13:15:22 +0000},
	Doi = {{10.1186/1471-2148-13-27}},
	Issn = {{1471-2148}},
	Journal = {{BMC EVOLUTIONARY BIOLOGY}},
	Month = {{JAN 31}},
	Title = {{Does life history shape sexual size dimorphism in anurans? A comparative analysis}},
	Unique-Id = {{ISI:000314811500001}},
	Volume = {{13}},
	Year = {{2013}},
	Bdsk-Url-1 = {http://dx.doi.org/10.1186/1471-2148-13-27%7D}}

@article{ISI:000314023600049,
	Article-Number = {{e54341}},
	Author = {Huang, Zheng Y. X. and de Boer, Willem F. and van Langevelde, Frank and Olson, Valerie and Blackburn, Tim M. and Prins, Herbert H. T.},
	Date-Added = {2014-05-14 13:15:22 +0000},
	Date-Modified = {2014-05-14 13:15:22 +0000},
	Doi = {{10.1371/journal.pone.0054341}},
	Issn = {{1932-6203}},
	Journal = {{PLOS ONE}},
	Month = {{JAN 24}},
	Number = {{1}},
	Title = {{Species' Life-History Traits Explain Interspecific Variation in Reservoir Competence: A Possible Mechanism Underlying the Dilution Effect}},
	Unique-Id = {{ISI:000314023600049}},
	Volume = {{8}},
	Year = {{2013}},
	Bdsk-Url-1 = {http://dx.doi.org/10.1371/journal.pone.0054341%7D}}

@article{ISI:000311939400016,
	Author = {Jones, Nick S. and Moriarty, John},
	Date-Added = {2014-05-14 13:15:22 +0000},
	Date-Modified = {2014-05-14 13:15:22 +0000},
	Doi = {{10.1098/rsif.2012.0616}},
	Issn = {{1742-5689}},
	Journal = {{JOURNAL OF THE ROYAL SOCIETY INTERFACE}},
	Month = {{JAN 6}},
	Number = {{78}},
	Title = {{Evolutionary inference for function-valued traits: Gaussian process regression on phylogenies}},
	Unique-Id = {{ISI:000311939400016}},
	Volume = {{10}},
	Year = {{2013}},
	Bdsk-Url-1 = {http://dx.doi.org/10.1098/rsif.2012.0616%7D}}

@article{ISI:000333328500008,
	Article-Number = {{plt039}},
	Author = {Martin, Adam R. and Thomas, Sean C. and Zhao, Yong},
	Date-Added = {2014-05-14 13:15:22 +0000},
	Date-Modified = {2014-05-14 13:15:22 +0000},
	Doi = {{10.1093/aobpla/plt039}},
	Issn = {{2041-2851}},
	Journal = {{AOB PLANTS}},
	Title = {{Size-dependent changes in wood chemical traits: a comparison of neotropical saplings and large trees}},
	Unique-Id = {{ISI:000333328500008}},
	Volume = {{5}},
	Year = {{2013}},
	Bdsk-Url-1 = {http://dx.doi.org/10.1093/aobpla/plt039%7D}}

@article{ISI:000333071900003,
	Author = {Dai, Lili and Yan, Qingyun and Li, Liang and Li, Hong and Wang, Lijing and Feng, Weisong and Pan, Gang and Yu, Yuhe},
	Date-Added = {2014-05-14 13:15:22 +0000},
	Date-Modified = {2014-05-14 13:15:22 +0000},
	Eissn = {{1610-2304}},
	Issn = {{1018-4619}},
	Journal = {{FRESENIUS ENVIRONMENTAL BULLETIN}},
	Number = {{12B}},
	Pages = {{3759-3767}},
	Title = {{MICROPLANKTON COMMUNITY DYNAMICS DURING THE ALGAE REMOVAL PROCESS FOR NUTRIENT CONTROL}},
	Unique-Id = {{ISI:000333071900003}},
	Volume = {{22}},
	Year = {{2013}}}

@article{ISI:000330926000004,
	Author = {Monteiro, Leandro Rabello},
	Date-Added = {2014-05-14 13:15:22 +0000},
	Date-Modified = {2014-05-14 13:15:22 +0000},
	Doi = {{10.4404/hystrix-24.1-6282}},
	Eissn = {{1825-5272}},
	Issn = {{0394-1914}},
	Journal = {{HYSTRIX-ITALIAN JOURNAL OF MAMMALOGY}},
	Number = {{1}},
	Pages = {{25-32}},
	Title = {{Morphometrics and the comparative method: studying the evolution of biological shape}},
	Unique-Id = {{ISI:000330926000004}},
	Volume = {{24}},
	Year = {{2013}},
	Bdsk-Url-1 = {http://dx.doi.org/10.4404/hystrix-24.1-6282%7D}}

@article{ISI:000330926000006,
	Author = {Klingenberg, Christian Peter},
	Date-Added = {2014-05-14 13:15:22 +0000},
	Date-Modified = {2014-05-14 13:15:22 +0000},
	Doi = {{10.4404/hystrix-24.1-6367}},
	Eissn = {{1825-5272}},
	Issn = {{0394-1914}},
	Journal = {{HYSTRIX-ITALIAN JOURNAL OF MAMMALOGY}},
	Number = {{1}},
	Orcid-Numbers = {{Klingenberg, Christian Peter/0000-0002-8117-6141}},
	Pages = {{43-58}},
	Researcherid-Numbers = {{Klingenberg, Christian Peter/B-3470-2010}},
	Title = {{Cranial integration and modularity: insights into evolution and development from morphometric data}},
	Unique-Id = {{ISI:000330926000006}},
	Volume = {{24}},
	Year = {{2013}},
	Bdsk-Url-1 = {http://dx.doi.org/10.4404/hystrix-24.1-6367%7D}}

@article{ISI:000330926000013,
	Author = {MacLeod, Norman and Krieger, Jonathan and Jones, Kate E.},
	Date-Added = {2014-05-14 13:15:22 +0000},
	Date-Modified = {2014-05-14 13:15:22 +0000},
	Doi = {{10.4404/hystrix-24.1-6299}},
	Eissn = {{1825-5272}},
	Issn = {{0394-1914}},
	Journal = {{HYSTRIX-ITALIAN JOURNAL OF MAMMALOGY}},
	Number = {{1}},
	Pages = {{110-125}},
	Title = {{Geometric Morphometric Approaches to Acoustic Signal Analysis in Mammalian Biology}},
	Unique-Id = {{ISI:000330926000013}},
	Volume = {{24}},
	Year = {{2013}},
	Bdsk-Url-1 = {http://dx.doi.org/10.4404/hystrix-24.1-6299%7D}}

@article{ISI:000329388500002,
	Author = {O'Brien, Michael J. and Collard, Mark and Buchanan, Briggs and Boulanger, Matthew T.},
	Date-Added = {2014-05-14 13:15:22 +0000},
	Date-Modified = {2014-05-14 13:15:22 +0000},
	Doi = {{10.1080/15659801.2013.825431}},
	Eissn = {{2224-4662}},
	Issn = {{1565-9801}},
	Journal = {{ISRAEL JOURNAL OF ECOLOGY \& EVOLUTION}},
	Number = {{2, SI}},
	Pages = {{45-61}},
	Title = {{Trees, thickets, or something in between? Recent theoretical and empirical work in cultural phylogeny}},
	Unique-Id = {{ISI:000329388500002}},
	Volume = {{59}},
	Year = {{2013}},
	Bdsk-Url-1 = {http://dx.doi.org/10.1080/15659801.2013.825431%7D}}

@article{ISI:000329206600015,
	Author = {Miller, Jeremy A. and Beentjes, Kevin K. and van Helsdingen, Peter and IJland, Steven},
	Date-Added = {2014-05-14 13:15:22 +0000},
	Date-Modified = {2014-05-14 13:15:22 +0000},
	Doi = {{10.3897/zookeys.365.5787}},
	Eissn = {{1313-2970}},
	Issn = {{1313-2989}},
	Journal = {{ZOOKEYS}},
	Number = {{365, SI}},
	Pages = {{245-261}},
	Title = {{Which specimens from a museum collection will yield DNA barcodes? A time series study of spiders in alcohol}},
	Unique-Id = {{ISI:000329206600015}},
	Year = {{2013}},
	Bdsk-Url-1 = {http://dx.doi.org/10.3897/zookeys.365.5787%7D}}

@article{ISI:000328410600021,
	Author = {Nunez, Pablo A. and Romero, Hector and Farber, Marisa D. and Rocha, Eduardo P. C.},
	Date-Added = {2014-05-14 13:15:22 +0000},
	Date-Modified = {2014-05-14 13:15:22 +0000},
	Doi = {{10.1093/gbe/evt174}},
	Issn = {{1759-6653}},
	Journal = {{GENOME BIOLOGY AND EVOLUTION}},
	Number = {{11}},
	Orcid-Numbers = {{Rocha, Eduardo/0000-0001-7704-822X}},
	Pages = {{2242-2254}},
	Researcherid-Numbers = {{Rocha, Eduardo/B-7009-2009}},
	Title = {{Natural Selection for Operons Depends on Genome Size}},
	Unique-Id = {{ISI:000328410600021}},
	Volume = {{5}},
	Year = {{2013}},
	Bdsk-Url-1 = {http://dx.doi.org/10.1093/gbe/evt174%7D}}

@incollection{ISI:000325761700014,
	Author = {Lehman, Shawn M.},
	Booktitle = {{EVOLUTIONARY BIOLOGY AND CONSERVATION OF TITIS, SAKIS AND UACARIS}},
	Date-Added = {2014-05-14 13:15:22 +0000},
	Date-Modified = {2014-05-14 13:15:22 +0000},
	Editor = {{Barnett, AA and Veiga, LM and Ferrari, SF and Norconk, MA}},
	Isbn = {{978-0-521-88158-6}},
	Issn = {{1746-2266}},
	Pages = {{105-112}},
	Series = {{Cambridge Studies in Biological and Evolutionary Anthropology}},
	Title = {{Evolutionary ecology of the pitheciinae: evidence for energetic equivalence or phylogenetically structured environmental variation?}},
	Unique-Id = {{ISI:000325761700014}},
	Volume = {{65}},
	Year = {{2013}}}

@article{ISI:000327388600007,
	Author = {Dupas, Stephane and Poirie, Marylene and Frey, Francoise and Carton, Yves},
	Date-Added = {2014-05-14 13:15:22 +0000},
	Date-Modified = {2014-05-14 13:15:22 +0000},
	Doi = {{10.1080/00379271.2013.815045}},
	Eissn = {{2168-6351}},
	Issn = {{0037-9271}},
	Journal = {{ANNALES DE LA SOCIETE ENTOMOLOGIQUE DE FRANCE}},
	Number = {{2}},
	Pages = {{222-231}},
	Title = {{Is parasitoid virulence against multiple hosts adaptive or constrained by phylogeny? A study of Leptopilina spp. (Hymenoptera: Figitidae)/Drosophila (Diptera: Drosophilidae) interactions}},
	Unique-Id = {{ISI:000327388600007}},
	Volume = {{49}},
	Year = {{2013}},
	Bdsk-Url-1 = {http://dx.doi.org/10.1080/00379271.2013.815045%7D}}

@article{ISI:000326935000005,
	Author = {O'Donnell, Sean and Clifford, Marie R. and DeLeon, Sara and Papa, Christopher and Zahedi, Nazaneen and Bulova, Susan J.},
	Date-Added = {2014-05-14 13:15:22 +0000},
	Date-Modified = {2014-05-14 13:15:22 +0000},
	Doi = {{10.1159/000354968}},
	Eissn = {{1421-9743}},
	Issn = {{0006-8977}},
	Journal = {{BRAIN BEHAVIOR AND EVOLUTION}},
	Number = {{3}},
	Pages = {{177-184}},
	Title = {{Brain Size and Visual Environment Predict Species Differences in Paper Wasp Sensory Processing Brain Regions (Hymenoptera: Vespidae, Polistinae)}},
	Unique-Id = {{ISI:000326935000005}},
	Volume = {{82}},
	Year = {{2013}},
	Bdsk-Url-1 = {http://dx.doi.org/10.1159/000354968%7D}}

@incollection{ISI:000324894900006,
	Author = {Pennell, Matthew W. and Harmon, Luke J.},
	Booktitle = {{YEAR IN EVOLUTIONARY BIOLOGY}},
	Date-Added = {2014-05-14 13:15:22 +0000},
	Date-Modified = {2014-05-14 13:15:22 +0000},
	Doi = {{10.1111/nyas.12157}},
	Editor = {{Mousseau, TA and Fox, CW}},
	Isbn = {{978-1-57331-881-5}},
	Issn = {{0077-8923}},
	Pages = {{90-105}},
	Series = {{Annals of the New York Academy of Sciences}},
	Title = {{An integrative view of phylogenetic comparative methods: connections to population genetics, community ecology, and paleobiology}},
	Unique-Id = {{ISI:000324894900006}},
	Volume = {{1289}},
	Year = {{2013}},
	Bdsk-Url-1 = {http://dx.doi.org/10.1111/nyas.12157%7D}}

@article{ISI:000323325500008,
	Author = {Abt, Birte and Goeker, Markus and Scheuner, Carmen and Han, Cliff and Lu, Megan and Misra, Monica and Lapidus, Alla and Nolan, Matt and Lucas, Susan and Hammon, Nancy and Deshpande, Shweta and Cheng, Jan-Fang and Tapia, Roxanne and Goodwin, Lynne A. and Pitluck, Sam and Liolios, Konstantinos and Pagani, Ioanna and Ivanova, Natalia and Mavromatis, Konstantinos and Mikhailova, Natalia and Huntemann, Marcel and Pati, Amrita and Chen, Amy and Palaniappan, Krishna and Land, Miriam and Hauser, Loren and Jeffries, Cynthia D. and Rohde, Manfred and Spring, Stefan and Gronow, Sabine and Detter, John C. and Bristow, James and Eisen, Jonathan A. and Markowitz, Victor and Hugenholtz, Philip and Kyrpides, Nikos C. and Woyke, Tanja and Klenk, Hans-Peter},
	Date-Added = {2014-05-14 13:15:22 +0000},
	Date-Modified = {2014-05-14 13:15:22 +0000},
	Doi = {{10.4056/sigs.3096473}},
	Issn = {{1944-3277}},
	Journal = {{STANDARDS IN GENOMIC SCIENCES}},
	Number = {{1}},
	Orcid-Numbers = {{Land, Miriam/0000-0001-7102-0031 Spring, Stefan/0000-0001-6247-0938 Kyrpides, Nikos/0000-0002-6131-0462}},
	Pages = {{88-105}},
	Researcherid-Numbers = {{Land, Miriam/A-6200-2011 Spring, Stefan/N-6933-2013 Kyrpides, Nikos/A-6305-2014}},
	Title = {{Genome sequence of the thermophilic fresh-water bacterium Spirochaeta caldaria type strain (H1(T)), reclassification of Spirochaeta caldaria, Spirochaeta stenostrepta, and Spirochaeta zuelzerae in the genus Treponema as Treponema caldaria comb. nov., Treponema stenostrepta comb. nov., and Treponema zuelzerae comb. nov., and emendation of the genus Treponema}},
	Unique-Id = {{ISI:000323325500008}},
	Volume = {{8}},
	Year = {{2013}},
	Bdsk-Url-1 = {http://dx.doi.org/10.4056/sigs.3096473%7D}}

@article{ISI:000323102900008,
	Author = {Greig, Emma I. and Price, J. Jordan and Pruett-Jones, Stephen},
	Date-Added = {2014-05-14 13:15:22 +0000},
	Date-Modified = {2014-05-14 13:15:22 +0000},
	Doi = {{10.1071/MU12078}},
	Issn = {{0158-4197}},
	Journal = {{EMU}},
	Number = {{3, SI}},
	Pages = {{270-281}},
	Title = {{Song evolution in Maluridae: influences of natural and sexual selection on acoustic structure}},
	Unique-Id = {{ISI:000323102900008}},
	Volume = {{113}},
	Year = {{2013}},
	Bdsk-Url-1 = {http://dx.doi.org/10.1071/MU12078%7D}}

@article{ISI:000322364200001,
	Author = {O'Connor, Timothy D. and Mundy, Nicholas I.},
	Date-Added = {2014-05-14 13:15:22 +0000},
	Date-Modified = {2014-05-14 13:15:22 +0000},
	Doi = {{10.4137/EBO.S11600}},
	Issn = {{1176-9343}},
	Journal = {{EVOLUTIONARY BIOINFORMATICS}},
	Pages = {{301-316}},
	Title = {{Evolutionary Modeling of Genotype-Phenotype Associations, and Application to Primate Coding and Non-coding mtDNA Rate Variation}},
	Unique-Id = {{ISI:000322364200001}},
	Volume = {{9}},
	Year = {{2013}},
	Bdsk-Url-1 = {http://dx.doi.org/10.4137/EBO.S11600%7D}}

@article{ISI:000318009400006,
	Author = {Yamasaki, Nozomi and Yamada, Toshihiro and Okuda, Toshinori},
	Date-Added = {2014-05-14 13:15:22 +0000},
	Date-Modified = {2014-05-14 13:15:22 +0000},
	Doi = {{10.1111/j.1442-1984.2011.00356.x}},
	Eissn = {{1442-1984}},
	Issn = {{0913-557X}},
	Journal = {{PLANT SPECIES BIOLOGY}},
	Month = {{JAN}},
	Number = {{1}},
	Pages = {{41-50}},
	Title = {{Coexistence of two congeneric tree species of Lauraceae in a secondary warm-temperate forest on Miyajima Island, south-western Japan}},
	Unique-Id = {{ISI:000318009400006}},
	Volume = {{28}},
	Year = {{2013}},
	Bdsk-Url-1 = {http://dx.doi.org/10.1111/j.1442-1984.2011.00356.x%7D}}

@article{ISI:000317288200004,
	Author = {Debey, Lauren B. and Pyenson, Nicholas D.},
	Date-Added = {2014-05-14 13:15:22 +0000},
	Date-Modified = {2014-05-14 13:15:22 +0000},
	Doi = {{10.1111/j.1748-7692.2011.00545.x}},
	Issn = {{0824-0469}},
	Journal = {{MARINE MAMMAL SCIENCE}},
	Month = {{JAN}},
	Number = {{1}},
	Pages = {{48-83}},
	Title = {{Osteological correlates and phylogenetic analysis of deep diving in living and extinct pinnipeds: What good are big eyes?}},
	Unique-Id = {{ISI:000317288200004}},
	Volume = {{29}},
	Year = {{2013}},
	Bdsk-Url-1 = {http://dx.doi.org/10.1111/j.1748-7692.2011.00545.x%7D}}

@incollection{ISI:000315604200001,
	Author = {Martinsen, Ellen S. and Perkins, Susan L.},
	Booktitle = {{MALARIA PARASITES: COMPARATIVE GENOMICS , EVOLUTION AND MOLECULAR BIOLOGY}},
	Date-Added = {2014-05-14 13:15:22 +0000},
	Date-Modified = {2014-05-14 13:15:22 +0000},
	Editor = {{Carlton, JM and Perkins, SL and Deitsch, KW}},
	Isbn = {{978-1-908230-07-2}},
	Pages = {{1-15}},
	Title = {{The Diversity of Plasmodium and other Haemosporidians: The Intersection of Taxonomy, Phylogenetics and Genomics}},
	Unique-Id = {{ISI:000315604200001}},
	Year = {{2013}}}

@article{ISI:000315333100009,
	Author = {Mandic, Milica and Speers-Roesch, Ben and Richards, Jeffrey G.},
	Date-Added = {2014-05-14 13:15:22 +0000},
	Date-Modified = {2014-05-14 13:15:22 +0000},
	Doi = {{10.1086/667938}},
	Issn = {{1522-2152}},
	Journal = {{PHYSIOLOGICAL AND BIOCHEMICAL ZOOLOGY}},
	Month = {{JAN-FEB}},
	Number = {{1}},
	Pages = {{92-105}},
	Title = {{Hypoxia Tolerance in Sculpins Is Associated with High Anaerobic Enzyme Activity in Brain but Not in Liver or Muscle}},
	Unique-Id = {{ISI:000315333100009}},
	Volume = {{86}},
	Year = {{2013}},
	Bdsk-Url-1 = {http://dx.doi.org/10.1086/667938%7D}}

@article{ISI:000313749300001,
	Author = {Benton, Michael J.},
	Date-Added = {2014-05-14 13:15:22 +0000},
	Date-Modified = {2014-05-14 13:15:22 +0000},
	Doi = {{10.1111/pala.12012}},
	Issn = {{0031-0239}},
	Journal = {{PALAEONTOLOGY}},
	Month = {{JAN}},
	Number = {{1}},
	Orcid-Numbers = {{Benton, Michael/0000-0002-4323-1824}},
	Pages = {{1-7}},
	Researcherid-Numbers = {{Benton, Michael/A-5639-2008}},
	Title = {{Origins of biodiversity}},
	Unique-Id = {{ISI:000313749300001}},
	Volume = {{56}},
	Year = {{2013}},
	Bdsk-Url-1 = {http://dx.doi.org/10.1111/pala.12012%7D}}

@article{ISI:000313752300022,
	Author = {Whitmee, Sarah and Orme, C. David L.},
	Date-Added = {2014-05-14 13:15:22 +0000},
	Date-Modified = {2014-05-14 13:15:22 +0000},
	Doi = {{10.1111/j.1365-2656.2012.02030.x}},
	Issn = {{0021-8790}},
	Journal = {{JOURNAL OF ANIMAL ECOLOGY}},
	Month = {{JAN}},
	Number = {{1}},
	Pages = {{211-221}},
	Title = {{Predicting dispersal distance in mammals: a trait-based approach}},
	Unique-Id = {{ISI:000313752300022}},
	Volume = {{82}},
	Year = {{2013}},
	Bdsk-Url-1 = {http://dx.doi.org/10.1111/j.1365-2656.2012.02030.x%7D}}

@article{ISI:000313746400004,
	Author = {Stamper, Trevor and Dahlem, Gregory A. and Cookman, Clifford and Debry, Ronald W.},
	Date-Added = {2014-05-14 13:15:22 +0000},
	Date-Modified = {2014-05-14 13:15:22 +0000},
	Doi = {{10.1111/j.1365-3113.2012.00646.x}},
	Eissn = {{1365-3113}},
	Issn = {{0307-6970}},
	Journal = {{SYSTEMATIC ENTOMOLOGY}},
	Month = {{JAN}},
	Number = {{1}},
	Pages = {{35-44}},
	Title = {{Phylogenetic relationships of flesh flies in the subfamily Sarcophaginae based on three mtDNA fragments (Diptera: Sarcophagidae)}},
	Unique-Id = {{ISI:000313746400004}},
	Volume = {{38}},
	Year = {{2013}},
	Bdsk-Url-1 = {http://dx.doi.org/10.1111/j.1365-3113.2012.00646.x%7D}}

@article{ISI:000319071400003,
	Author = {Morgan, C. C. and Alvarez, A.},
	Date-Added = {2014-05-14 13:15:11 +0000},
	Date-Modified = {2014-05-14 13:15:11 +0000},
	Doi = {{10.1111/jzo.12017}},
	Issn = {{0952-8369}},
	Journal = {{JOURNAL OF ZOOLOGY}},
	Month = {{JUN}},
	Number = {{2}},
	Pages = {{107-116}},
	Title = {{The humerus of South American caviomorph rodents: shape, function and size in a phylogenetic context}},
	Unique-Id = {{ISI:000319071400003}},
	Volume = {{290}},
	Year = {{2013}},
	Bdsk-Url-1 = {http://dx.doi.org/10.1111/jzo.12017%7D}}

@article{ISI:000318996500006,
	Author = {Butler, Michael W. and Stahlschmidt, Zachary R. and Ardia, Daniel R. and Davies, Scott and Davis, Jon and Guillette, Jr., Louis J. and Johnson, Nicholas and McCormick, Stephen D. and McGraw, Kevin J. and DeNardo, Dale F.},
	Date-Added = {2014-05-14 13:15:11 +0000},
	Date-Modified = {2014-05-14 13:15:11 +0000},
	Doi = {{10.1086/670191}},
	Issn = {{0003-0147}},
	Journal = {{AMERICAN NATURALIST}},
	Month = {{JUN}},
	Number = {{6}},
	Pages = {{761-774}},
	Title = {{Thermal Sensitivity of Immune Function: Evidence against a Generalist-Specialist Trade-Off among Endothermic and Ectothermic Vertebrates}},
	Unique-Id = {{ISI:000318996500006}},
	Volume = {{181}},
	Year = {{2013}},
	Bdsk-Url-1 = {http://dx.doi.org/10.1086/670191%7D}}

@article{ISI:000318811400016,
	Author = {Song, Yao-Bin and Yu, Fei-Hai and Li, Jun-Min and Keser, Lidewij H. and Fischer, Markus and Dong, Ming and van Kleunen, Mark},
	Date-Added = {2014-05-14 13:15:11 +0000},
	Date-Modified = {2014-05-14 13:15:11 +0000},
	Doi = {{10.1007/s10530-012-0374-y}},
	Issn = {{1387-3547}},
	Journal = {{BIOLOGICAL INVASIONS}},
	Month = {{JUN}},
	Number = {{6}},
	Pages = {{1367-1376}},
	Researcherid-Numbers = {{Fischer, Markus/C-6411-2008}},
	Title = {{Plant invasiveness is not linked to the capacity of regeneration from small fragments: an experimental test with 39 stoloniferous species}},
	Unique-Id = {{ISI:000318811400016}},
	Volume = {{15}},
	Year = {{2013}},
	Bdsk-Url-1 = {http://dx.doi.org/10.1007/s10530-012-0374-y%7D}}

@article{ISI:000318774500005,
	Author = {Petrin, Zlatko and Brittain, John E. and Saltveit, Svein Jakob},
	Date-Added = {2014-05-14 13:15:11 +0000},
	Date-Modified = {2014-05-14 13:15:11 +0000},
	Doi = {{10.1899/11-172.1}},
	Issn = {{2161-9565}},
	Journal = {{FRESHWATER SCIENCE}},
	Month = {{JUN}},
	Number = {{2}},
	Pages = {{425-437}},
	Title = {{Mayfly and stonefly species traits and species composition reflect hydrological regulation: a meta-analysis}},
	Unique-Id = {{ISI:000318774500005}},
	Volume = {{32}},
	Year = {{2013}},
	Bdsk-Url-1 = {http://dx.doi.org/10.1899/11-172.1%7D}}

@article{ISI:000318774500014,
	Author = {Verberk, W. C. E. P. and van Noordwijk, C. G. E. and Hildrew, A. G.},
	Date-Added = {2014-05-14 13:15:11 +0000},
	Date-Modified = {2014-05-14 13:15:11 +0000},
	Doi = {{10.1899/12-092.1}},
	Issn = {{2161-9565}},
	Journal = {{FRESHWATER SCIENCE}},
	Month = {{JUN}},
	Number = {{2}},
	Orcid-Numbers = {{Verberk, Wilco/0000-0002-0691-583X}},
	Pages = {{531-547}},
	Researcherid-Numbers = {{Verberk, Wilco/E-6337-2011}},
	Title = {{Delivering on a promise: integrating species traits to transform descriptive community ecology into a predictive science}},
	Unique-Id = {{ISI:000318774500014}},
	Volume = {{32}},
	Year = {{2013}},
	Bdsk-Url-1 = {http://dx.doi.org/10.1899/12-092.1%7D}}

@article{ISI:000318634400027,
	Author = {Humphreys, Aelys M. and Linder, H. Peter},
	Date-Added = {2014-05-14 13:15:11 +0000},
	Date-Modified = {2014-05-14 13:15:11 +0000},
	Doi = {{10.1111/nph.12244}},
	Issn = {{0028-646X}},
	Journal = {{NEW PHYTOLOGIST}},
	Month = {{JUN}},
	Number = {{4}},
	Pages = {{1261-1273}},
	Title = {{Evidence for recent evolution of cold tolerance in grasses suggests current distribution is not limited by (low) temperature}},
	Unique-Id = {{ISI:000318634400027}},
	Volume = {{198}},
	Year = {{2013}},
	Bdsk-Url-1 = {http://dx.doi.org/10.1111/nph.12244%7D}}

@article{ISI:000319435600023,
	Article-Number = {{e63570}},
	Author = {Ferrer-Paris, Jose R. and Sanchez-Mercado, Ada and Viloria, Angel L. and Donaldson, John},
	Date-Added = {2014-05-14 13:15:11 +0000},
	Date-Modified = {2014-05-14 13:15:11 +0000},
	Doi = {{10.1371/journal.pone.0063570}},
	Issn = {{1932-6203}},
	Journal = {{PLOS ONE}},
	Month = {{MAY 23}},
	Number = {{5}},
	Researcherid-Numbers = {{Yakovlev, Roman/J-7243-2013}},
	Title = {{Congruence and Diversity of Butterfly-Host Plant Associations at Higher Taxonomic Levels}},
	Unique-Id = {{ISI:000319435600023}},
	Volume = {{8}},
	Year = {{2013}},
	Bdsk-Url-1 = {http://dx.doi.org/10.1371/journal.pone.0063570%7D}}

@article{ISI:000317288400004,
	Article-Number = {{20120341}},
	Author = {Kamilar, Jason M. and Cooper, Natalie},
	Date-Added = {2014-05-14 13:15:11 +0000},
	Date-Modified = {2014-05-14 13:15:11 +0000},
	Doi = {{10.1098/rstb.2012.0341}},
	Issn = {{0962-8436}},
	Journal = {{PHILOSOPHICAL TRANSACTIONS OF THE ROYAL SOCIETY B-BIOLOGICAL SCIENCES}},
	Month = {{MAY 19}},
	Number = {{1618, SI}},
	Orcid-Numbers = {{Cooper, Natalie/0000-0003-4919-8655}},
	Researcherid-Numbers = {{Cooper, Natalie/I-7976-2012}},
	Title = {{Phylogenetic signal in primate behaviour, ecology and life history}},
	Unique-Id = {{ISI:000317288400004}},
	Volume = {{368}},
	Year = {{2013}},
	Bdsk-Url-1 = {http://dx.doi.org/10.1098/rstb.2012.0341%7D}}

@article{ISI:000319107900065,
	Article-Number = {{e63913}},
	Author = {Gerber, Sylvain},
	Date-Added = {2014-05-14 13:15:11 +0000},
	Date-Modified = {2014-05-14 13:15:11 +0000},
	Doi = {{10.1371/journal.pone.0063913}},
	Issn = {{1932-6203}},
	Journal = {{PLOS ONE}},
	Month = {{MAY 17}},
	Number = {{5}},
	Title = {{On the Relationship between the Macroevolutionary Trajectories of Morphological Integration and Morphological Disparity}},
	Unique-Id = {{ISI:000319107900065}},
	Volume = {{8}},
	Year = {{2013}},
	Bdsk-Url-1 = {http://dx.doi.org/10.1371/journal.pone.0063913%7D}}

@article{ISI:000319052700019,
	Article-Number = {{e63110}},
	Author = {Frynta, Daniel and Simkova, Olga and Liskova, Silvie and Landova, Eva},
	Date-Added = {2014-05-14 13:15:11 +0000},
	Date-Modified = {2014-05-14 13:15:11 +0000},
	Doi = {{10.1371/journal.pone.0063110}},
	Issn = {{1932-6203}},
	Journal = {{PLOS ONE}},
	Month = {{MAY 15}},
	Number = {{5}},
	Title = {{Mammalian Collection on Noah's Ark: The Effects of Beauty, Brain and Body Size}},
	Unique-Id = {{ISI:000319052700019}},
	Volume = {{8}},
	Year = {{2013}},
	Bdsk-Url-1 = {http://dx.doi.org/10.1371/journal.pone.0063110%7D}}

@article{ISI:000319391900001,
	Author = {Mateju, Jan and Kratochvil, Lukas},
	Date-Added = {2014-05-14 13:15:11 +0000},
	Date-Modified = {2014-05-14 13:15:11 +0000},
	Doi = {{10.1186/1742-9994-10-27}},
	Issn = {{1742-9994}},
	Journal = {{FRONTIERS IN ZOOLOGY}},
	Month = {{MAY 14}},
	Pages = {{1-10}},
	Researcherid-Numbers = {{Kratochvil, Lukas/A-1997-2008}},
	Title = {{Sexual size dimorphism in ground squirrels (Rodentia: Sciuridae: Marmotini) does not correlate with body size and sociality}},
	Unique-Id = {{ISI:000319391900001}},
	Volume = {{10}},
	Year = {{2013}},
	Bdsk-Url-1 = {http://dx.doi.org/10.1186/1742-9994-10-27%7D}}

@article{ISI:000319743900001,
	Article-Number = {{158}},
	Author = {Stoltzfus, Arlin and Lapp, Hilmar and Matasci, Naim and Deus, Helena and Sidlauskas, Brian and Zmasek, Christian M. and Vaidya, Gaurav and Pontelli, Enrico and Cranston, Karen and Vos, Rutger and Webb, Campbell O. and Harmon, Luke J. and Pirrung, Megan and O'Meara, Brian and Pennell, Matthew W. and Mirarab, Siavash and Rosenberg, Michael S. and Balhoff, James P. and Bik, Holly M. and Heath, Tracy A. and Midford, Peter E. and Brown, Joseph W. and McTavish, Emily Jane and Sukumaran, Jeet and Westneat, Mark and Alfaro, Michael E. and Steele, Aaron and Jordan, Greg},
	Date-Added = {2014-05-14 13:15:11 +0000},
	Date-Modified = {2014-05-14 13:15:11 +0000},
	Doi = {{10.1186/1471-2105-14-158}},
	Issn = {{1471-2105}},
	Journal = {{BMC BIOINFORMATICS}},
	Month = {{MAY 13}},
	Title = {{Phylotastic! Making tree-of-life knowledge accessible, reusable and convenient}},
	Unique-Id = {{ISI:000319743900001}},
	Volume = {{14}},
	Year = {{2013}},
	Bdsk-Url-1 = {http://dx.doi.org/10.1186/1471-2105-14-158%7D}}

@article{ISI:000321427600004,
	Article-Number = {{49}},
	Author = {Legreneur, Pierre and Bels, Vincent and Monteil, Karine and Laurin, Michel},
	Date-Added = {2014-05-14 13:15:11 +0000},
	Date-Modified = {2014-05-14 13:15:11 +0000},
	Doi = {{10.1140/epje/i2013-13049-4}},
	Issn = {{1292-8941}},
	Journal = {{EUROPEAN PHYSICAL JOURNAL E}},
	Month = {{MAY}},
	Number = {{5}},
	Orcid-Numbers = {{Laurin, Michel/0000-0003-2974-9835}},
	Researcherid-Numbers = {{Laurin, Michel/B-7884-2008}},
	Title = {{Movement in a gravitational field: The question of limb interarticular coordination in terrestrial vertebrates}},
	Unique-Id = {{ISI:000321427600004}},
	Volume = {{36}},
	Year = {{2013}},
	Bdsk-Url-1 = {http://dx.doi.org/10.1140/epje/i2013-13049-4%7D}}

@article{ISI:000319332000028,
	Author = {Mason, Georgia and Burn, Charlotte C. and Dallaire, Jamie Ahloy and Kroshko, Jeanette and Kinkaid, Heather McDonald and Jeschke, Jonathan M.},
	Date-Added = {2014-05-14 13:15:11 +0000},
	Date-Modified = {2014-05-14 13:15:11 +0000},
	Doi = {{10.1016/j.anbehav.2013.02.002}},
	Issn = {{0003-3472}},
	Journal = {{ANIMAL BEHAVIOUR}},
	Month = {{MAY}},
	Number = {{5}},
	Pages = {{1113-1126}},
	Researcherid-Numbers = {{Jeschke, Jonathan/A-2707-2008}},
	Title = {{Plastic animals in cages: behavioural flexibility and responses to captivity}},
	Unique-Id = {{ISI:000319332000028}},
	Volume = {{85}},
	Year = {{2013}},
	Bdsk-Url-1 = {http://dx.doi.org/10.1016/j.anbehav.2013.02.002%7D}}

@article{ISI:000319069600007,
	Author = {Tiansawat, Pimonrat and Dalling, James W.},
	Date-Added = {2014-05-14 13:15:11 +0000},
	Date-Modified = {2014-05-14 13:15:11 +0000},
	Doi = {{10.1007/s11258-013-0205-y}},
	Issn = {{1385-0237}},
	Journal = {{PLANT ECOLOGY}},
	Month = {{MAY}},
	Number = {{5}},
	Pages = {{751-764}},
	Title = {{Differential seed germination responses to the ratio of red to far-red light in temperate and tropical species}},
	Unique-Id = {{ISI:000319069600007}},
	Volume = {{214}},
	Year = {{2013}},
	Bdsk-Url-1 = {http://dx.doi.org/10.1007/s11258-013-0205-y%7D}}

@article{ISI:000318969800002,
	Author = {Burns, Jean H. and Pardini, Eleanor A. and Schutzenhofer, Michele R. and Chung, Y. Anny and Seidler, Katie J. and Knight, Tiffany M.},
	Date-Added = {2014-05-14 13:15:11 +0000},
	Date-Modified = {2014-05-14 13:15:11 +0000},
	Issn = {{0012-9658}},
	Journal = {{ECOLOGY}},
	Month = {{MAY}},
	Number = {{5}},
	Pages = {{995-1004}},
	Title = {{Greater sexual reproduction contributes to differences in demography of invasive plants and their noninvasive relatives}},
	Unique-Id = {{ISI:000318969800002}},
	Volume = {{94}},
	Year = {{2013}}}

@article{ISI:000318969800019,
	Author = {Fang, Qiang and Huang, Shuang-Quan},
	Date-Added = {2014-05-14 13:15:11 +0000},
	Date-Modified = {2014-05-14 13:15:11 +0000},
	Issn = {{0012-9658}},
	Journal = {{ECOLOGY}},
	Month = {{MAY}},
	Number = {{5}},
	Pages = {{1176-1185}},
	Title = {{A directed network analysis of heterospecific pollen transfer in a biodiverse community}},
	Unique-Id = {{ISI:000318969800019}},
	Volume = {{94}},
	Year = {{2013}}}

@article{ISI:000318000600007,
	Author = {Crawford, Forrest W. and Suchard, Marc A.},
	Date-Added = {2014-05-14 13:15:11 +0000},
	Date-Modified = {2014-05-14 13:15:11 +0000},
	Doi = {{10.1093/sysbio/syt010}},
	Issn = {{1063-5157}},
	Journal = {{SYSTEMATIC BIOLOGY}},
	Month = {{MAY}},
	Number = {{3}},
	Pages = {{439-455}},
	Title = {{Diversity, Disparity, and Evolutionary Rate Estimation for Unresolved Yule Trees}},
	Unique-Id = {{ISI:000318000600007}},
	Volume = {{62}},
	Year = {{2013}},
	Bdsk-Url-1 = {http://dx.doi.org/10.1093/sysbio/syt010%7D}}

@article{ISI:000318234900007,
	Author = {Lopez-Fernandez, Hernan and Arbour, Jessica H. and Winemiller, Kirk. O. and Honeycutt, Rodney L.},
	Date-Added = {2014-05-14 13:15:11 +0000},
	Date-Modified = {2014-05-14 13:15:11 +0000},
	Doi = {{10.1111/evo.12038}},
	Issn = {{0014-3820}},
	Journal = {{EVOLUTION}},
	Month = {{MAY}},
	Number = {{5}},
	Pages = {{1321-1337}},
	Title = {{TESTING FOR ANCIENT ADAPTIVE RADIATIONS IN NEOTROPICAL CICHLID FISHES}},
	Unique-Id = {{ISI:000318234900007}},
	Volume = {{67}},
	Year = {{2013}},
	Bdsk-Url-1 = {http://dx.doi.org/10.1111/evo.12038%7D}}

@article{ISI:000318234900008,
	Author = {Sims, Hallie J.},
	Date-Added = {2014-05-14 13:15:11 +0000},
	Date-Modified = {2014-05-14 13:15:11 +0000},
	Doi = {{10.1111/evo.12057}},
	Issn = {{0014-3820}},
	Journal = {{EVOLUTION}},
	Month = {{MAY}},
	Number = {{5}},
	Pages = {{1338-1346}},
	Title = {{MORPHOLOGICAL RATES OF ANGIOSPERM SEED SIZE EVOLUTION}},
	Unique-Id = {{ISI:000318234900008}},
	Volume = {{67}},
	Year = {{2013}},
	Bdsk-Url-1 = {http://dx.doi.org/10.1111/evo.12057%7D}}

@article{ISI:000318234900020,
	Author = {Leppanen, Sanna A. and Altenhofer, Ewald and Liston, Andrew D. and Nyman, Tommi},
	Date-Added = {2014-05-14 13:15:11 +0000},
	Date-Modified = {2014-05-14 13:15:11 +0000},
	Doi = {{10.1111/evo.12028}},
	Issn = {{0014-3820}},
	Journal = {{EVOLUTION}},
	Month = {{MAY}},
	Number = {{5}},
	Pages = {{1493-1502}},
	Title = {{ECOLOGICAL VERSUS PHYLOGENETIC DETERMINANTS OF TROPHIC ASSOCIATIONS IN A PLANT-LEAFMINER-PARASITOID FOOD WEB}},
	Unique-Id = {{ISI:000318234900020}},
	Volume = {{67}},
	Year = {{2013}},
	Bdsk-Url-1 = {http://dx.doi.org/10.1111/evo.12028%7D}}

@article{ISI:000318178000006,
	Author = {Rojas-Arechiga, Mariana and Mandujano, Maria C. and Golubov, Jordan K.},
	Date-Added = {2014-05-14 13:15:11 +0000},
	Date-Modified = {2014-05-14 13:15:11 +0000},
	Doi = {{10.1007/s10265-012-0526-2}},
	Issn = {{0918-9440}},
	Journal = {{JOURNAL OF PLANT RESEARCH}},
	Month = {{MAY}},
	Number = {{3}},
	Pages = {{373-386}},
	Title = {{Seed size and photoblastism in species belonging to tribe Cacteae (Cactaceae)}},
	Unique-Id = {{ISI:000318178000006}},
	Volume = {{126}},
	Year = {{2013}},
	Bdsk-Url-1 = {http://dx.doi.org/10.1007/s10265-012-0526-2%7D}}

@article{ISI:000317981400013,
	Author = {Fiser, Cene and Zagmajster, Maja and Zaksek, Valerija},
	Date-Added = {2014-05-14 13:15:11 +0000},
	Date-Modified = {2014-05-14 13:15:11 +0000},
	Doi = {{10.1111/j.1600-0706.2012.20644.x}},
	Issn = {{0030-1299}},
	Journal = {{OIKOS}},
	Month = {{MAY}},
	Number = {{5}},
	Pages = {{770-778}},
	Title = {{Coevolution of life history traits and morphology in female subterranean amphipods}},
	Unique-Id = {{ISI:000317981400013}},
	Volume = {{122}},
	Year = {{2013}},
	Bdsk-Url-1 = {http://dx.doi.org/10.1111/j.1600-0706.2012.20644.x%7D}}

@article{ISI:000317638000002,
	Author = {Minias, Piotr and Kaczmarek, Krzysztof and Wlodarczyk, Radoslaw and Janiszewski, Tomasz},
	Date-Added = {2014-05-14 13:15:11 +0000},
	Date-Modified = {2014-05-14 13:15:11 +0000},
	Doi = {{10.1016/j.cbpa.2013.02.008}},
	Issn = {{1095-6433}},
	Journal = {{COMPARATIVE BIOCHEMISTRY AND PHYSIOLOGY A-MOLECULAR \& INTEGRATIVE PHYSIOLOGY}},
	Month = {{MAY}},
	Number = {{1}},
	Pages = {{7-12}},
	Title = {{Hemoglobin concentrations in waders vary with their strategies of migration: A comparative analysis}},
	Unique-Id = {{ISI:000317638000002}},
	Volume = {{165}},
	Year = {{2013}},
	Bdsk-Url-1 = {http://dx.doi.org/10.1016/j.cbpa.2013.02.008%7D}}

@article{ISI:000317286700008,
	Author = {Dumont, Maitena and Laurin, Michel and Jacques, Florian and Pelle, Eric and Dabin, Willy and de Buffrenil, Vivian},
	Date-Added = {2014-05-14 13:15:11 +0000},
	Date-Modified = {2014-05-14 13:15:11 +0000},
	Doi = {{10.1002/jmor.20122}},
	Issn = {{0362-2525}},
	Journal = {{JOURNAL OF MORPHOLOGY}},
	Month = {{MAY}},
	Number = {{5}},
	Orcid-Numbers = {{Laurin, Michel/0000-0003-2974-9835}},
	Pages = {{570-584}},
	Researcherid-Numbers = {{Laurin, Michel/B-7884-2008}},
	Title = {{Inner architecture of vertebral centra in terrestrial and aquatic mammals: A two-dimensional comparative study}},
	Unique-Id = {{ISI:000317286700008}},
	Volume = {{274}},
	Year = {{2013}},
	Bdsk-Url-1 = {http://dx.doi.org/10.1002/jmor.20122%7D}}

@article{ISI:000317385300077,
	Article-Number = {{e61610}},
	Author = {Wilson, Joseph S. and Jahner, Joshua P. and Williams, Kevin A. and Forister, Matthew L.},
	Date-Added = {2014-05-14 13:15:11 +0000},
	Date-Modified = {2014-05-14 13:15:11 +0000},
	Doi = {{10.1371/journal.pone.0061610}},
	Issn = {{1932-6203}},
	Journal = {{PLOS ONE}},
	Month = {{APR 12}},
	Number = {{4}},
	Title = {{Ecological and Evolutionary Processes Drive the Origin and Maintenance of Imperfect Mimicry}},
	Unique-Id = {{ISI:000317385300077}},
	Volume = {{8}},
	Year = {{2013}},
	Bdsk-Url-1 = {http://dx.doi.org/10.1371/journal.pone.0061610%7D}}

@article{ISI:000319108100082,
	Article-Number = {{e61298}},
	Author = {Casanovas-Vilar, Isaac y and van Dam, Jan},
	Date-Added = {2014-05-14 13:15:11 +0000},
	Date-Modified = {2014-05-14 13:15:11 +0000},
	Doi = {{10.1371/journal.pone.0061298}},
	Issn = {{1932-6203}},
	Journal = {{PLOS ONE}},
	Month = {{APR 4}},
	Number = {{4}},
	Title = {{Conservatism and Adaptability during Squirrel Radiation: What Is Mandible Shape Telling Us?}},
	Unique-Id = {{ISI:000319108100082}},
	Volume = {{8}},
	Year = {{2013}},
	Bdsk-Url-1 = {http://dx.doi.org/10.1371/journal.pone.0061298%7D}}

@article{ISI:000319906100006,
	Author = {Karasov, William H. and Douglas, Angela E.},
	Date-Added = {2014-05-14 13:15:11 +0000},
	Date-Modified = {2014-05-14 13:15:11 +0000},
	Doi = {{10.1002/cphy.c110054}},
	Issn = {{2040-4603}},
	Journal = {{COMPREHENSIVE PHYSIOLOGY}},
	Month = {{APR}},
	Number = {{2}},
	Pages = {{741-783}},
	Title = {{Comparative Digestive Physiology}},
	Unique-Id = {{ISI:000319906100006}},
	Volume = {{3}},
	Year = {{2013}},
	Bdsk-Url-1 = {http://dx.doi.org/10.1002/cphy.c110054%7D}}

@article{ISI:000318498100006,
	Author = {Azpurua, Jorge and Yang, Jiang-Nan and Van Meter, Michael and Liu, Zhengshan and Kim, Julie and Lobo Ladd, Aliny A. B. and Coppi, Antonio Augusto and Gorbunova, Vera and Seluanov, Andrei},
	Date-Added = {2014-05-14 13:15:11 +0000},
	Date-Modified = {2014-05-14 13:15:11 +0000},
	Issn = {{1945-4589}},
	Journal = {{AGING-US}},
	Month = {{APR}},
	Number = {{4}},
	Pages = {{304-314}},
	Title = {{IGF1R levels in the brain negatively correlate with longevity in 16 rodent species}},
	Unique-Id = {{ISI:000318498100006}},
	Volume = {{5}},
	Year = {{2013}}}

@article{ISI:000317166400023,
	Author = {Naghavi, Mohammad Reza and Rad, Marjan Behzadii and Riahi, Mehrshid and Taleie, Alireza},
	Date-Added = {2014-05-14 13:15:11 +0000},
	Date-Modified = {2014-05-14 13:15:11 +0000},
	Doi = {{10.1016/j.bse.2012.10.007}},
	Issn = {{0305-1978}},
	Journal = {{BIOCHEMICAL SYSTEMATICS AND ECOLOGY}},
	Month = {{APR}},
	Pages = {{148-155}},
	Title = {{Phylogenetic analysis in some Hordeum species (Triticeae; Poaceae) based on two single-copy nuclear genes encoding acetyl-CoA carboxylase}},
	Unique-Id = {{ISI:000317166400023}},
	Volume = {{47}},
	Year = {{2013}},
	Bdsk-Url-1 = {http://dx.doi.org/10.1016/j.bse.2012.10.007%7D}}

@article{ISI:000317454500007,
	Author = {Lycett, Stephen J. and von Cramon-Taubadel, Noreen},
	Date-Added = {2014-05-14 13:15:11 +0000},
	Date-Modified = {2014-05-14 13:15:11 +0000},
	Doi = {{10.1016/j.jhevol.2013.01.011}},
	Issn = {{0047-2484}},
	Journal = {{JOURNAL OF HUMAN EVOLUTION}},
	Month = {{APR}},
	Number = {{4}},
	Pages = {{300-310}},
	Title = {{Understanding the comparative catarrhine context of human pelvic form: A 3D geometric morphometric analysis}},
	Unique-Id = {{ISI:000317454500007}},
	Volume = {{64}},
	Year = {{2013}},
	Bdsk-Url-1 = {http://dx.doi.org/10.1016/j.jhevol.2013.01.011%7D}}

@article{ISI:000317001500005,
	Author = {Diaz-Tapia, Pilar and Barbara, Ignacio and Berecibar, Estibaliz},
	Date-Added = {2014-05-14 13:15:11 +0000},
	Date-Modified = {2014-05-14 13:15:11 +0000},
	Doi = {{10.1515/bot-2012-0205}},
	Issn = {{0006-8055}},
	Journal = {{BOTANICA MARINA}},
	Month = {{APR}},
	Number = {{2}},
	Pages = {{151-160}},
	Title = {{Vegetative and reproductive morphology of Polysiphonia tripinnata (Rhodomelaceae, Rhodophyta): a new record from the European Atlantic coast}},
	Unique-Id = {{ISI:000317001500005}},
	Volume = {{56}},
	Year = {{2013}},
	Bdsk-Url-1 = {http://dx.doi.org/10.1515/bot-2012-0205%7D}}

@article{ISI:000317133800004,
	Author = {Vas, Zoltan and Fuisz, Tibor I. and Fehervari, Peter and Reiczigel, Jeno and Rozsa, Lajos},
	Date-Added = {2014-05-14 13:15:11 +0000},
	Date-Modified = {2014-05-14 13:15:11 +0000},
	Doi = {{10.1111/j.1558-5646.2012.01837.x}},
	Issn = {{0014-3820}},
	Journal = {{EVOLUTION}},
	Month = {{APR}},
	Number = {{4}},
	Pages = {{959-968}},
	Researcherid-Numbers = {{Rozsa, Lajos/F-9727-2010}},
	Title = {{AVIAN BROOD PARASITISM AND ECTOPARASITE RICHNESSSCALE-DEPENDENT DIVERSITY INTERACTIONS IN A THREE-LEVEL HOSTPARASITE SYSTEM}},
	Unique-Id = {{ISI:000317133800004}},
	Volume = {{67}},
	Year = {{2013}},
	Bdsk-Url-1 = {http://dx.doi.org/10.1111/j.1558-5646.2012.01837.x%7D}}

@article{ISI:000317133800025,
	Author = {Ross, Callum F. and Blob, Richard W. and Carrier, David R. and Daley, Monica A. and Deban, Stephen M. and Demes, Brigitte and Gripper, Janaya L. and Iriarte-Diaz, Jose and Kilbourne, Brandon M. and Landberg, Tobias and Polk, John D. and Schilling, Nadja and Vanhooydonck, Bieke},
	Date-Added = {2014-05-14 13:15:11 +0000},
	Date-Modified = {2014-05-14 13:15:11 +0000},
	Doi = {{10.1111/evo.12015}},
	Issn = {{0014-3820}},
	Journal = {{EVOLUTION}},
	Month = {{APR}},
	Number = {{4}},
	Orcid-Numbers = {{Iriarte-Diaz, Jose/0000-0003-3566-247X}},
	Pages = {{1209-1217}},
	Researcherid-Numbers = {{Schilling, Nadja/F-9627-2013 Iriarte-Diaz, Jose/A-2486-2008}},
	Title = {{THE EVOLUTION OF LOCOMOTOR RHYTHMICITY IN TETRAPODS}},
	Unique-Id = {{ISI:000317133800025}},
	Volume = {{67}},
	Year = {{2013}},
	Bdsk-Url-1 = {http://dx.doi.org/10.1111/evo.12015%7D}}

@article{ISI:000317306000020,
	Author = {Ibanez, Sebastien and Lavorel, Sandra and Puijalon, Sara and Moretti, Marco},
	Date-Added = {2014-05-14 13:15:11 +0000},
	Date-Modified = {2014-05-14 13:15:11 +0000},
	Doi = {{10.1111/1365-2435.12058}},
	Issn = {{0269-8463}},
	Journal = {{FUNCTIONAL ECOLOGY}},
	Month = {{APR}},
	Number = {{2}},
	Pages = {{479-489}},
	Title = {{Herbivory mediated by coupling between biomechanical traits of plants and grasshoppers}},
	Unique-Id = {{ISI:000317306000020}},
	Volume = {{27}},
	Year = {{2013}},
	Bdsk-Url-1 = {http://dx.doi.org/10.1111/1365-2435.12058%7D}}

@article{ISI:000316906400002,
	Author = {Moreno Azocar, Debora Lina and Vanhooydonck, Bieke and Bonino, Marcelo F. and Perotti, M. Gabriela and Abdala, Cristian S. and Schulte, James A. and Cruz, Felix B.},
	Date-Added = {2014-05-14 13:15:11 +0000},
	Date-Modified = {2014-05-14 13:15:11 +0000},
	Doi = {{10.1007/s00442-012-2447-0}},
	Eissn = {{1432-1939}},
	Issn = {{0029-8549}},
	Journal = {{OECOLOGIA}},
	Month = {{APR}},
	Number = {{4}},
	Pages = {{773-788}},
	Title = {{Chasing the Patagonian sun: comparative thermal biology of Liolaemus lizards}},
	Unique-Id = {{ISI:000316906400002}},
	Volume = {{171}},
	Year = {{2013}},
	Bdsk-Url-1 = {http://dx.doi.org/10.1007/s00442-012-2447-0%7D}}

@article{ISI:000316797600008,
	Author = {Jimenez, Ana Gabriela and Harper, James M. and Queenborough, Simon A. and Williams, Joseph B.},
	Date-Added = {2014-05-14 13:15:11 +0000},
	Date-Modified = {2014-05-14 13:15:11 +0000},
	Doi = {{10.1242/jeb.079889}},
	Issn = {{0022-0949}},
	Journal = {{JOURNAL OF EXPERIMENTAL BIOLOGY}},
	Month = {{APR}},
	Number = {{8}},
	Pages = {{1373-1380}},
	Title = {{Linkages between the life-history evolution of tropical and temperate birds and the resistance of cultured skin fibroblasts to oxidative and non-oxidative chemical injury}},
	Unique-Id = {{ISI:000316797600008}},
	Volume = {{216}},
	Year = {{2013}},
	Bdsk-Url-1 = {http://dx.doi.org/10.1242/jeb.079889%7D}}

@article{ISI:000317028200026,
	Author = {Klopfstein, Seraina and Ronquist, Fredrik},
	Date-Added = {2014-05-14 13:15:11 +0000},
	Date-Modified = {2014-05-14 13:15:11 +0000},
	Doi = {{10.1016/j.ympev.2013.01.015}},
	Issn = {{1055-7903}},
	Journal = {{MOLECULAR PHYLOGENETICS AND EVOLUTION}},
	Month = {{APR}},
	Number = {{1}},
	Pages = {{266-276}},
	Researcherid-Numbers = {{Research, NRM-BIG/F-2603-2013}},
	Title = {{Convergent intron gains in hymenopteran elongation factor-1 alpha}},
	Unique-Id = {{ISI:000317028200026}},
	Volume = {{67}},
	Year = {{2013}},
	Bdsk-Url-1 = {http://dx.doi.org/10.1016/j.ympev.2013.01.015%7D}}

@article{ISI:000316276700004,
	Author = {Gouveia, Sidney F. and Dobrovolski, Ricardo and Lemes, Priscila and Cassemiro, Fernanda A. S. and Diniz-Filho, Jose Alexandre F.},
	Date-Added = {2014-05-14 13:15:11 +0000},
	Date-Modified = {2014-05-14 13:15:11 +0000},
	Doi = {{10.1111/bij.12018}},
	Issn = {{0024-4066}},
	Journal = {{BIOLOGICAL JOURNAL OF THE LINNEAN SOCIETY}},
	Month = {{APR}},
	Number = {{4}},
	Orcid-Numbers = {{Gouveia, Sidney/0000-0003-4941-7440 Dobrovolski, Ricardo/0000-0002-8775-5486}},
	Pages = {{773-783}},
	Researcherid-Numbers = {{Diniz-Filho, Jose Alexandre/D-9405-2013 Gouveia, Sidney/G-6438-2013 Dobrovolski, Ricardo/B-2580-2013}},
	Title = {{Environmental steepness, tolerance gradient, and ecogeographical rules in glassfrogs (Anura: Centrolenidae)}},
	Unique-Id = {{ISI:000316276700004}},
	Volume = {{108}},
	Year = {{2013}},
	Bdsk-Url-1 = {http://dx.doi.org/10.1111/bij.12018%7D}}

@article{ISI:000316229100004,
	Author = {Koprivnikar, J. and Randhawa, H. S.},
	Date-Added = {2014-05-14 13:15:11 +0000},
	Date-Modified = {2014-05-14 13:15:11 +0000},
	Doi = {{10.1017/S0031182012002132}},
	Eissn = {{1469-8161}},
	Issn = {{0031-1820}},
	Journal = {{PARASITOLOGY}},
	Month = {{APR}},
	Number = {{5}},
	Orcid-Numbers = {{Randhawa, Haseeb/0000-0001-6262-970X}},
	Pages = {{587-597}},
	Researcherid-Numbers = {{Randhawa, Haseeb/A-8621-2013}},
	Title = {{Benefits of fidelity: does host specialization impact nematode parasite life history and fecundity?}},
	Unique-Id = {{ISI:000316229100004}},
	Volume = {{140}},
	Year = {{2013}},
	Bdsk-Url-1 = {http://dx.doi.org/10.1017/S0031182012002132%7D}}

@article{ISI:000317263900046,
	Article-Number = {{e59967}},
	Author = {Berman, Tali S. and Ayali, Amir and Gefen, Eran},
	Date-Added = {2014-05-14 13:15:11 +0000},
	Date-Modified = {2014-05-14 13:15:11 +0000},
	Doi = {{10.1371/journal.pone.0059967}},
	Issn = {{1932-6203}},
	Journal = {{PLOS ONE}},
	Month = {{MAR 29}},
	Number = {{3}},
	Orcid-Numbers = {{Ayali, Amir/0000-0001-6152-2927}},
	Researcherid-Numbers = {{Ayali, Amir/B-1050-2008}},
	Title = {{Neural Control of Gas Exchange Patterns in Insects: Locust Density-Dependent Phases as a Test Case}},
	Unique-Id = {{ISI:000317263900046}},
	Volume = {{8}},
	Year = {{2013}},
	Bdsk-Url-1 = {http://dx.doi.org/10.1371/journal.pone.0059967%7D}}

@article{ISI:000316323700001,
	Article-Number = {{10}},
	Author = {Liao, Wen Bo and Zeng, Yu and Zhou, Cai Quan and Jehle, Robert},
	Date-Added = {2014-05-14 13:15:11 +0000},
	Date-Modified = {2014-05-14 13:15:11 +0000},
	Doi = {{10.1186/1742-9994-10-10}},
	Issn = {{1742-9994}},
	Journal = {{FRONTIERS IN ZOOLOGY}},
	Month = {{MAR 9}},
	Title = {{Sexual size dimorphism in anurans fails to obey Rensch's rule}},
	Unique-Id = {{ISI:000316323700001}},
	Volume = {{10}},
	Year = {{2013}},
	Bdsk-Url-1 = {http://dx.doi.org/10.1186/1742-9994-10-10%7D}}

@article{ISI:000316936100063,
	Article-Number = {{e57980}},
	Author = {Mabry, Karen E. and Shelley, Erin L. and Davis, Katie E. and Blumstein, Daniel T. and Van Vuren, Dirk H.},
	Date-Added = {2014-05-14 13:15:11 +0000},
	Date-Modified = {2014-05-14 13:15:11 +0000},
	Doi = {{10.1371/journal.pone.0057980}},
	Issn = {{1932-6203}},
	Journal = {{PLOS ONE}},
	Month = {{MAR 6}},
	Number = {{3}},
	Title = {{Social Mating System and Sex-Biased Dispersal in Mammals and Birds: A Phylogenetic Analysis}},
	Unique-Id = {{ISI:000316936100063}},
	Volume = {{8}},
	Year = {{2013}},
	Bdsk-Url-1 = {http://dx.doi.org/10.1371/journal.pone.0057980%7D}}

@article{ISI:000323896600003,
	Author = {Gilmour, C. N. and Starr, J. R. and Naczi, R. F. C.},
	Date-Added = {2014-05-14 13:15:11 +0000},
	Date-Modified = {2014-05-14 13:15:11 +0000},
	Issn = {{0075-5974}},
	Journal = {{KEW BULLETIN}},
	Month = {{MAR}},
	Number = {{1}},
	Pages = {{85-105}},
	Title = {{Calliscirpus, a new genus for two narrow endemics of the California Floristic Province, C. criniger and C. brachythrix sp nov (Cyperaceae)}},
	Unique-Id = {{ISI:000323896600003}},
	Volume = {{68}},
	Year = {{2013}}}

@article{ISI:000318462900001,
	Author = {Foth, Christian and Rauhut, Oliver W. M.},
	Date-Added = {2014-05-14 13:15:11 +0000},
	Date-Modified = {2014-05-14 13:15:11 +0000},
	Doi = {{10.4202/app.2011.0145}},
	Issn = {{0567-7920}},
	Journal = {{ACTA PALAEONTOLOGICA POLONICA}},
	Month = {{MAR}},
	Number = {{1}},
	Pages = {{1-16}},
	Title = {{Macroevolutionary and morphofunctional patterns in theropod skulls: A morphometric approach}},
	Unique-Id = {{ISI:000318462900001}},
	Volume = {{58}},
	Year = {{2013}},
	Bdsk-Url-1 = {http://dx.doi.org/10.4202/app.2011.0145%7D}}

@article{ISI:000316437900004,
	Author = {Pampush, James D. and Duque, Ana C. and Burrows, Brittany R. and Daegling, David J. and Kenney, William F. and McGraw, W. Scott},
	Date-Added = {2014-05-14 13:15:11 +0000},
	Date-Modified = {2014-05-14 13:15:11 +0000},
	Doi = {{10.1016/j.jhevol.2013.01.009}},
	Issn = {{0047-2484}},
	Journal = {{JOURNAL OF HUMAN EVOLUTION}},
	Month = {{MAR}},
	Number = {{3}},
	Pages = {{216-224}},
	Title = {{Homoplasy and thick enamel in primates}},
	Unique-Id = {{ISI:000316437900004}},
	Volume = {{64}},
	Year = {{2013}},
	Bdsk-Url-1 = {http://dx.doi.org/10.1016/j.jhevol.2013.01.009%7D}}

@article{ISI:000315894800005,
	Author = {Field, David L. and Pickup, Melinda and Barrett, Spencer C. H.},
	Date-Added = {2014-05-14 13:15:11 +0000},
	Date-Modified = {2014-05-14 13:15:11 +0000},
	Doi = {{10.1111/evo.12001}},
	Eissn = {{1558-5646}},
	Issn = {{0014-3820}},
	Journal = {{EVOLUTION}},
	Month = {{MAR}},
	Number = {{3}},
	Pages = {{661-672}},
	Researcherid-Numbers = {{Barrett, Spencer/M-3751-2013}},
	Title = {{COMPARATIVE ANALYSES OF SEX-RATIO VARIATION IN DIOECIOUS FLOWERING PLANTS}},
	Unique-Id = {{ISI:000315894800005}},
	Volume = {{67}},
	Year = {{2013}},
	Bdsk-Url-1 = {http://dx.doi.org/10.1111/evo.12001%7D}}

@article{ISI:000314474100014,
	Author = {Alvarez-Perez, Sergio and Herrera, Carlos M.},
	Date-Added = {2014-05-14 13:15:11 +0000},
	Date-Modified = {2014-05-14 13:15:11 +0000},
	Doi = {{10.1111/1574-6941.12027}},
	Issn = {{0168-6496}},
	Journal = {{FEMS MICROBIOLOGY ECOLOGY}},
	Month = {{MAR}},
	Number = {{3}},
	Orcid-Numbers = {{CSIC, EBD Donana/0000-0003-4318-6602}},
	Pages = {{685-699}},
	Researcherid-Numbers = {{CSIC, EBD Donana/C-4157-2011}},
	Title = {{Composition, richness and nonrandom assembly of culturable bacterialmicrofungal communities in floral nectar of Mediterranean plants}},
	Unique-Id = {{ISI:000314474100014}},
	Volume = {{83}},
	Year = {{2013}},
	Bdsk-Url-1 = {http://dx.doi.org/10.1111/1574-6941.12027%7D}}

@article{ISI:000315571900009,
	Author = {Sakai, Shoko and Kawakita, Atsushi and Ooi, Kazuyuki and Inoue, Tamiji},
	Date-Added = {2014-05-14 13:15:11 +0000},
	Date-Modified = {2014-05-14 13:15:11 +0000},
	Doi = {{10.3732/ajb.1200359}},
	Eissn = {{1537-2197}},
	Issn = {{0002-9122}},
	Journal = {{AMERICAN JOURNAL OF BOTANY}},
	Month = {{MAR}},
	Number = {{3}},
	Pages = {{546-555}},
	Title = {{VARIATION IN THE STRENGTH OF ASSOCIATION AMONG POLLINATION SYSTEMS AND FLORAL TRAITS: EVOLUTIONARY CHANGES IN THE FLORAL TRAITS OF BORNEAN GINGERS (ZINGIBERACEAE)}},
	Unique-Id = {{ISI:000315571900009}},
	Volume = {{100}},
	Year = {{2013}},
	Bdsk-Url-1 = {http://dx.doi.org/10.3732/ajb.1200359%7D}}

@article{ISI:000315659300003,
	Author = {Liskova, Silvie and Frynta, Daniel},
	Date-Added = {2014-05-14 13:15:11 +0000},
	Date-Modified = {2014-05-14 13:15:11 +0000},
	Doi = {{10.2752/175303713X13534238631399}},
	Issn = {{0892-7936}},
	Journal = {{ANTHROZOOS}},
	Month = {{MAR}},
	Number = {{1}},
	Pages = {{27-41}},
	Title = {{What Determines Bird Beauty in Human Eyes?}},
	Unique-Id = {{ISI:000315659300003}},
	Volume = {{26}},
	Year = {{2013}},
	Bdsk-Url-1 = {http://dx.doi.org/10.2752/175303713X13534238631399%7D}}

@article{ISI:000322329500021,
	Author = {Machac, Antonin and Storch, David and Wiens, John J.},
	Date-Added = {2014-05-14 13:14:51 +0000},
	Date-Modified = {2014-05-14 13:14:51 +0000},
	Doi = {{10.1111/evo.12126}},
	Eissn = {{1558-5646}},
	Issn = {{0014-3820}},
	Journal = {{EVOLUTION}},
	Month = {{AUG}},
	Number = {{8}},
	Pages = {{2423-2433}},
	Title = {{ECOLOGICAL CAUSES OF DECELERATING DIVERSIFICATION IN CARNIVORAN MAMMALS}},
	Unique-Id = {{ISI:000322329500021}},
	Volume = {{67}},
	Year = {{2013}},
	Bdsk-Url-1 = {http://dx.doi.org/10.1111/evo.12126%7D}}

@article{ISI:000325813000016,
	Author = {Terhune, Claire E.},
	Date-Added = {2014-05-14 13:14:51 +0000},
	Date-Modified = {2014-05-14 13:14:51 +0000},
	Doi = {{10.1002/ar.22724}},
	Eissn = {{1932-8494}},
	Issn = {{1932-8486}},
	Journal = {{ANATOMICAL RECORD-ADVANCES IN INTEGRATIVE ANATOMY AND EVOLUTIONARY BIOLOGY}},
	Month = {{AUG}},
	Number = {{8}},
	Pages = {{1264-1282}},
	Title = {{How Effective Are Geometric Morphometric Techniques for Assessing Functional Shape Variation? An Example From the Great Ape Temporomandibular Joint}},
	Unique-Id = {{ISI:000325813000016}},
	Volume = {{296}},
	Year = {{2013}},
	Bdsk-Url-1 = {http://dx.doi.org/10.1002/ar.22724%7D}}

@article{ISI:000325238100007,
	Author = {Kawabe, Soichiro and Shimokawa, Tetsuya and Miki, Hitoshi and Okamoto, Takashi and Matsuda, Seiji and Itou, Takuya and Koie, Hiroshi and Kitagawa, Masato and Sakai, Takeo and Hosojima, Misato and Endo, Hideki},
	Date-Added = {2014-05-14 13:14:51 +0000},
	Date-Modified = {2014-05-14 13:14:51 +0000},
	Doi = {{10.2517/1342-8144-17.3.282}},
	Issn = {{1342-8144}},
	Journal = {{PALEONTOLOGICAL RESEARCH}},
	Month = {{AUG 1}},
	Number = {{3}},
	Pages = {{282-293}},
	Title = {{Relationship between brain volume and brain width in mammals and birds}},
	Unique-Id = {{ISI:000325238100007}},
	Volume = {{17}},
	Year = {{2013}},
	Bdsk-Url-1 = {http://dx.doi.org/10.2517/1342-8144-17.3.282%7D}}

@article{ISI:000323752300002,
	Article-Number = {{2317}},
	Author = {Sedio, Brian E. and Paul, John R. and Taylor, Charlotte M. and Dick, Christopher W.},
	Date-Added = {2014-05-14 13:14:51 +0000},
	Date-Modified = {2014-05-14 13:14:51 +0000},
	Doi = {{10.1038/ncomms3317}},
	Issn = {{2041-1723}},
	Journal = {{NATURE COMMUNICATIONS}},
	Month = {{AUG}},
	Title = {{Fine-scale niche structure of Neotropical forests reflects a legacy of the Great American Biotic Interchange}},
	Unique-Id = {{ISI:000323752300002}},
	Volume = {{4}},
	Year = {{2013}},
	Bdsk-Url-1 = {http://dx.doi.org/10.1038/ncomms3317%7D}}

@article{ISI:000322891200007,
	Author = {Revell, Liam J.},
	Date-Added = {2014-05-14 13:14:51 +0000},
	Date-Modified = {2014-05-14 13:14:51 +0000},
	Doi = {{10.1111/2041-210X.12066}},
	Eissn = {{2041-2096}},
	Issn = {{2041-210X}},
	Journal = {{METHODS IN ECOLOGY AND EVOLUTION}},
	Month = {{AUG}},
	Number = {{8}},
	Pages = {{754-759}},
	Title = {{Two new graphical methods for mapping trait evolution on phylogenies}},
	Unique-Id = {{ISI:000322891200007}},
	Volume = {{4}},
	Year = {{2013}},
	Bdsk-Url-1 = {http://dx.doi.org/10.1111/2041-210X.12066%7D}}

@article{ISI:000323021900006,
	Author = {Collar, David C. and Reynaga, Crystal M. and Ward, Andrea B. and Mehta, Rita S.},
	Date-Added = {2014-05-14 13:14:51 +0000},
	Date-Modified = {2014-05-14 13:14:51 +0000},
	Doi = {{10.1016/j.zool.2013.03.001}},
	Issn = {{0944-2006}},
	Journal = {{ZOOLOGY}},
	Month = {{AUG}},
	Number = {{4}},
	Pages = {{246-257}},
	Title = {{A revised metric for quantifying body shape in vertebrates}},
	Unique-Id = {{ISI:000323021900006}},
	Volume = {{116}},
	Year = {{2013}},
	Bdsk-Url-1 = {http://dx.doi.org/10.1016/j.zool.2013.03.001%7D}}

@article{ISI:000322336600022,
	Author = {Milcu, Alexandru and Allan, Eric and Roscher, Christiane and Jenkins, Tania and Meyer, Sebastian T. and Flynn, Dan and Bessler, Holger and Buscot, Francois and Engels, Christof and Gubsch, Marlen and Koenig, Stephan and Lipowsky, Annett and Loranger, Jessy and Renker, Carsten and Scherber, Christoph and Schmid, Bernhard and Thebault, Elisa and Wubet, Tesfaye and Weisser, Wolfgang W. and Scheu, Stefan and Eisenhauer, Nico},
	Date-Added = {2014-05-14 13:14:51 +0000},
	Date-Modified = {2014-05-14 13:14:51 +0000},
	Doi = {{10.1890/12-1936.1}},
	Issn = {{0012-9658}},
	Journal = {{ECOLOGY}},
	Month = {{AUG}},
	Number = {{8}},
	Orcid-Numbers = {{Flynn, Dan/0000-0002-2978-5257 Schmid, Bernhard/0000-0002-8430-3214 Weisser, Wolfgang/0000-0002-2757-8959}},
	Pages = {{1878-1885}},
	Researcherid-Numbers = {{Flynn, Dan/A-4200-2008 Schmid, Bernhard/C-8625-2009 Eisenhauer, Nico/I-5932-2012 Weisser, Wolfgang/B-9718-2014}},
	Title = {{Functionally and phylogenetically diverse plant communities key to soil biota}},
	Unique-Id = {{ISI:000322336600022}},
	Volume = {{94}},
	Year = {{2013}},
	Bdsk-Url-1 = {http://dx.doi.org/10.1890/12-1936.1%7D}}

@article{ISI:000322573400003,
	Author = {Liu, Jiajia and Wu, Deyan and Peng, Xiaoyu and Zhou, Shurong and Bradshaw, Corey J. A.},
	Date-Added = {2014-05-14 13:14:51 +0000},
	Date-Modified = {2014-05-14 13:14:51 +0000},
	Doi = {{10.1093/jpe/rts041}},
	Issn = {{1752-9921}},
	Journal = {{JOURNAL OF PLANT ECOLOGY}},
	Month = {{AUG}},
	Number = {{4}},
	Orcid-Numbers = {{Bradshaw, Corey/0000-0002-5328-7741}},
	Pages = {{277-285}},
	Researcherid-Numbers = {{Bradshaw, Corey/A-1311-2008}},
	Title = {{Exogenous and endogenous determinants of spatial aggregation patterns in Tibetan Plateau meadow vegetation}},
	Unique-Id = {{ISI:000322573400003}},
	Volume = {{6}},
	Year = {{2013}},
	Bdsk-Url-1 = {http://dx.doi.org/10.1093/jpe/rts041%7D}}

@article{ISI:000321628500008,
	Author = {Guay, P. -J. and Weston, M. A. and Symonds, M. R. E. and Glover, H. K.},
	Date-Added = {2014-05-14 13:14:51 +0000},
	Date-Modified = {2014-05-14 13:14:51 +0000},
	Doi = {{10.1111/j.1442-9993.2012.02441.x}},
	Issn = {{1442-9985}},
	Journal = {{AUSTRAL ECOLOGY}},
	Month = {{AUG}},
	Number = {{5}},
	Pages = {{516-522}},
	Title = {{Brains and bravery: Little evidence of a relationship between brain size and flightiness in shorebirds}},
	Unique-Id = {{ISI:000321628500008}},
	Volume = {{38}},
	Year = {{2013}},
	Bdsk-Url-1 = {http://dx.doi.org/10.1111/j.1442-9993.2012.02441.x%7D}}

@article{ISI:000321703500006,
	Author = {Corbin, Clay E. and Lowenberger, Lauren K. and Dorkoski, Ryan P.},
	Date-Added = {2014-05-14 13:14:51 +0000},
	Date-Modified = {2014-05-14 13:14:51 +0000},
	Doi = {{10.1002/jmor.20147}},
	Issn = {{0362-2525}},
	Journal = {{JOURNAL OF MORPHOLOGY}},
	Month = {{AUG}},
	Number = {{8}},
	Pages = {{909-917}},
	Title = {{The skeleton flight apparatus of North American bluebirds (Sialia): Phylogenetic thrushes or functional flycatchers?}},
	Unique-Id = {{ISI:000321703500006}},
	Volume = {{274}},
	Year = {{2013}},
	Bdsk-Url-1 = {http://dx.doi.org/10.1002/jmor.20147%7D}}

@article{ISI:000320232000002,
	Article-Number = {{20130523}},
	Author = {Fagan, William F. and Pearson, Yanthe E. and Larsen, Elise A. and Lynch, Heather J. and Turner, Jessica B. and Staver, Hilary and Noble, Andrew E. and Bewick, Sharon and Goldberg, Emma E.},
	Date-Added = {2014-05-14 13:14:51 +0000},
	Date-Modified = {2014-05-14 13:14:51 +0000},
	Doi = {{10.1098/rspb.2013.0523}},
	Issn = {{0962-8452}},
	Journal = {{PROCEEDINGS OF THE ROYAL SOCIETY B-BIOLOGICAL SCIENCES}},
	Month = {{JUL 22}},
	Number = {{1763}},
	Title = {{Phylogenetic prediction of the maximum per capita rate of population growth}},
	Unique-Id = {{ISI:000320232000002}},
	Volume = {{280}},
	Year = {{2013}},
	Bdsk-Url-1 = {http://dx.doi.org/10.1098/rspb.2013.0523%7D}}

@article{ISI:000320105200004,
	Article-Number = {{20120257}},
	Author = {Kim, J. Dongun and Senn, Stefan and Harel, Arye and Jelen, Benjamin I. and Falkowski, Paul G.},
	Date-Added = {2014-05-14 13:14:51 +0000},
	Date-Modified = {2014-05-14 13:14:51 +0000},
	Doi = {{10.1098/rstb.2012.0257}},
	Issn = {{0962-8436}},
	Journal = {{PHILOSOPHICAL TRANSACTIONS OF THE ROYAL SOCIETY B-BIOLOGICAL SCIENCES}},
	Month = {{JUL 19}},
	Number = {{1622}},
	Title = {{Discovering the electronic circuit diagram of life: structural relationships among transition metal binding sites in oxidoreductases}},
	Unique-Id = {{ISI:000320105200004}},
	Volume = {{368}},
	Year = {{2013}},
	Bdsk-Url-1 = {http://dx.doi.org/10.1098/rstb.2012.0257%7D}}

@article{ISI:000319385100011,
	Article-Number = {{20130695}},
	Author = {Currie, Thomas E. and Meade, Andrew and Guillon, Myrtille and Mace, Ruth},
	Date-Added = {2014-05-14 13:14:51 +0000},
	Date-Modified = {2014-05-14 13:14:51 +0000},
	Doi = {{10.1098/rspb.2013.0695}},
	Issn = {{0962-8452}},
	Journal = {{PROCEEDINGS OF THE ROYAL SOCIETY B-BIOLOGICAL SCIENCES}},
	Month = {{JUL 7}},
	Number = {{1762}},
	Title = {{Cultural phylogeography of the Bantu Languages of sub-Saharan Africa}},
	Unique-Id = {{ISI:000319385100011}},
	Volume = {{280}},
	Year = {{2013}},
	Bdsk-Url-1 = {http://dx.doi.org/10.1098/rspb.2013.0695%7D}}

@article{ISI:000329250300012,
	Author = {Pearse, William D. and Purvis, Andy},
	Date-Added = {2014-05-14 13:14:51 +0000},
	Date-Modified = {2014-05-14 13:14:51 +0000},
	Doi = {{10.1111/2041-210X.12055}},
	Eissn = {{2041-2096}},
	Issn = {{2041-210X}},
	Journal = {{METHODS IN ECOLOGY AND EVOLUTION}},
	Month = {{JUL}},
	Number = {{7}},
	Pages = {{692-698}},
	Title = {{phyloGenerator: an automated phylogeny generation tool for ecologists}},
	Unique-Id = {{ISI:000329250300012}},
	Volume = {{4}},
	Year = {{2013}},
	Bdsk-Url-1 = {http://dx.doi.org/10.1111/2041-210X.12055%7D}}

@article{ISI:000323404400003,
	Author = {Scholz, Alexander and Rabaey, David and Stein, Anke and Cochard, Herve and Smets, Erik and Jansen, Steven},
	Date-Added = {2014-05-14 13:14:51 +0000},
	Date-Modified = {2014-05-14 13:14:51 +0000},
	Doi = {{10.1093/treephys/tpt050}},
	Issn = {{0829-318X}},
	Journal = {{TREE PHYSIOLOGY}},
	Month = {{JUL}},
	Number = {{7}},
	Pages = {{684-694}},
	Researcherid-Numbers = {{Smets, Erik/A-9875-2011 Cochard, Herve/B-9707-2011}},
	Title = {{The evolution and function of vessel and pit characters with respect to cavitation resistance across 10 Prunus species}},
	Unique-Id = {{ISI:000323404400003}},
	Volume = {{33}},
	Year = {{2013}},
	Bdsk-Url-1 = {http://dx.doi.org/10.1093/treephys/tpt050%7D}}

@article{ISI:000323404400009,
	Author = {Meng, Fengqun and Cao, Rui and Yang, Dongmei and Niklas, Karl J. and Sun, Shucun},
	Date-Added = {2014-05-14 13:14:51 +0000},
	Date-Modified = {2014-05-14 13:14:51 +0000},
	Doi = {{10.1093/treephys/tpt053}},
	Issn = {{0829-318X}},
	Journal = {{TREE PHYSIOLOGY}},
	Month = {{JUL}},
	Number = {{7}},
	Pages = {{753-762}},
	Title = {{Within-twig leaf distribution patterns differ among plant life-forms in a subtropical Chinese forest}},
	Unique-Id = {{ISI:000323404400009}},
	Volume = {{33}},
	Year = {{2013}},
	Bdsk-Url-1 = {http://dx.doi.org/10.1093/treephys/tpt053%7D}}

@article{ISI:000321766600015,
	Author = {Wolkovich, Elizabeth M. and Davies, T. Jonathan and Schaefer, Hanno and Cleland, Elsa E. and Cook, Benjamin I. and Travers, Steven E. and Willis, Charles G. and Davis, Charles C.},
	Date-Added = {2014-05-14 13:14:51 +0000},
	Date-Modified = {2014-05-14 13:14:51 +0000},
	Doi = {{10.3732/ajb.1200478}},
	Issn = {{0002-9122}},
	Journal = {{AMERICAN JOURNAL OF BOTANY}},
	Month = {{JUL}},
	Number = {{7}},
	Pages = {{1407-1421}},
	Researcherid-Numbers = {{Cook, Benjamin/H-2265-2012}},
	Title = {{TEMPERATURE-DEPENDENT SHIFTS IN PHENOLOGY CONTRIBUTE TO THE SUCCESS OF EXOTIC SPECIES WITH CLIMATE CHANGE}},
	Unique-Id = {{ISI:000321766600015}},
	Volume = {{100}},
	Year = {{2013}},
	Bdsk-Url-1 = {http://dx.doi.org/10.3732/ajb.1200478%7D}}

@article{ISI:000322321100033,
	Author = {Press, Maximilian O. and Li, Hui and Creanza, Nicole and Kramer, Guenter and Queitsch, Christine and Sourjik, Victor and Borenstein, Elhanan},
	Date-Added = {2014-05-14 13:14:51 +0000},
	Date-Modified = {2014-05-14 13:14:51 +0000},
	Doi = {{10.1371/journal.pgen.1003631}},
	Issn = {{1553-7404}},
	Journal = {{PLOS GENETICS}},
	Month = {{JUL}},
	Number = {{7}},
	Title = {{Genome-scale Co-evolutionary Inference Identifies Functions and Clients of Bacterial Hsp90}},
	Unique-Id = {{ISI:000322321100033}},
	Volume = {{9}},
	Year = {{2013}},
	Bdsk-Url-1 = {http://dx.doi.org/10.1371/journal.pgen.1003631%7D}}

@article{ISI:000322316700041,
	Article-Number = {{e1003500}},
	Author = {Lauber, Chris and Goeman, Jelle J. and Parquet, Maria del Carmen and Phan Thi Nga and Snijder, Eric J. and Morita, Kouichi and Gorbalenya, Alexander E.},
	Date-Added = {2014-05-14 13:14:51 +0000},
	Date-Modified = {2014-05-14 13:14:51 +0000},
	Doi = {{10.1371/journal.ppat.1003500}},
	Issn = {{1553-7374}},
	Journal = {{PLOS PATHOGENS}},
	Month = {{JUL}},
	Number = {{7}},
	Orcid-Numbers = {{Gorbalenya, Alexander/0000-0002-4967-7341}},
	Researcherid-Numbers = {{Gorbalenya, Alexander/J-4818-2012}},
	Title = {{The Footprint of Genome Architecture in the Largest Genome Expansion in RNA Viruses}},
	Unique-Id = {{ISI:000322316700041}},
	Volume = {{9}},
	Year = {{2013}},
	Bdsk-Url-1 = {http://dx.doi.org/10.1371/journal.ppat.1003500%7D}}

@article{ISI:000322002400037,
	Author = {Hulsey, C. D. and Roberts, R. J. and Loh, Y. -H. E. and Rupp, M. F. and Streelman, J. T.},
	Date-Added = {2014-05-14 13:14:51 +0000},
	Date-Modified = {2014-05-14 13:14:51 +0000},
	Doi = {{10.1002/ece3.633}},
	Issn = {{2045-7758}},
	Journal = {{ECOLOGY AND EVOLUTION}},
	Month = {{JUL}},
	Number = {{7}},
	Pages = {{2262-2272}},
	Title = {{Lake Malawi cichlid evolution along a benthic/limnetic axis}},
	Unique-Id = {{ISI:000322002400037}},
	Volume = {{3}},
	Year = {{2013}},
	Bdsk-Url-1 = {http://dx.doi.org/10.1002/ece3.633%7D}}

@article{ISI:000321247700003,
	Author = {Hasnain, Sarah S. and Shuter, Brian J. and Minns, Charles K.},
	Date-Added = {2014-05-14 13:14:51 +0000},
	Date-Modified = {2014-05-14 13:14:51 +0000},
	Doi = {{10.1139/cjfas-2012-0217}},
	Issn = {{0706-652X}},
	Journal = {{CANADIAN JOURNAL OF FISHERIES AND AQUATIC SCIENCES}},
	Month = {{JUL}},
	Number = {{7}},
	Pages = {{964-972}},
	Title = {{Phylogeny influences the relationships linking key ecological thermal metrics for North American freshwater fish species}},
	Unique-Id = {{ISI:000321247700003}},
	Volume = {{70}},
	Year = {{2013}},
	Bdsk-Url-1 = {http://dx.doi.org/10.1139/cjfas-2012-0217%7D}}

@article{ISI:000321184500013,
	Author = {Figueirido, Borja and Tseng, Zhijie Jack and Martin-Serra, Alberto},
	Date-Added = {2014-05-14 13:14:51 +0000},
	Date-Modified = {2014-05-14 13:14:51 +0000},
	Doi = {{10.1111/evo.12059}},
	Issn = {{0014-3820}},
	Journal = {{EVOLUTION}},
	Month = {{JUL}},
	Number = {{7}},
	Pages = {{1975-1993}},
	Title = {{SKULL SHAPE EVOLUTION IN DUROPHAGOUS CARNIVORANS}},
	Unique-Id = {{ISI:000321184500013}},
	Volume = {{67}},
	Year = {{2013}},
	Bdsk-Url-1 = {http://dx.doi.org/10.1111/evo.12059%7D}}

@article{ISI:000321184500014,
	Author = {Hautier, Lionel and Bennett, Nigel C. and Viljoen, Hermien and Howard, Lauren and Milinkovitch, Michel C. and Tzika, Athanasia C. and Goswami, Anjali and Asher, Robert J.},
	Date-Added = {2014-05-14 13:14:51 +0000},
	Date-Modified = {2014-05-14 13:14:51 +0000},
	Doi = {{10.1111/evo.12071}},
	Eissn = {{1558-5646}},
	Issn = {{0014-3820}},
	Journal = {{EVOLUTION}},
	Month = {{JUL}},
	Number = {{7}},
	Pages = {{1994-2010}},
	Title = {{PATTERNS OF OSSIFICATION IN SOUTHERN VERSUS NORTHERN PLACENTAL MAMMALS}},
	Unique-Id = {{ISI:000321184500014}},
	Volume = {{67}},
	Year = {{2013}},
	Bdsk-Url-1 = {http://dx.doi.org/10.1111/evo.12071%7D}}

@article{ISI:000322003000012,
	Author = {Fabre, A. -C. and Cornette, R. and Slater, G. and Argot, C. and Peigne, S. and Goswami, A. and Pouydebat, E.},
	Date-Added = {2014-05-14 13:14:51 +0000},
	Date-Modified = {2014-05-14 13:14:51 +0000},
	Doi = {{10.1111/jeb.12161}},
	Issn = {{1010-061X}},
	Journal = {{JOURNAL OF EVOLUTIONARY BIOLOGY}},
	Month = {{JUL}},
	Number = {{7}},
	Pages = {{1521-1535}},
	Researcherid-Numbers = {{Pouydebat, Emmanuelle/D-3150-2013}},
	Title = {{Getting a grip on the evolution of grasping in musteloid carnivorans: a three-dimensional analysis of forelimb shape}},
	Unique-Id = {{ISI:000322003000012}},
	Volume = {{26}},
	Year = {{2013}},
	Bdsk-Url-1 = {http://dx.doi.org/10.1111/jeb.12161%7D}}

@article{ISI:000321371500001,
	Article-Number = {{134}},
	Author = {Gingras, Bruno and Mohandesan, Elmira and Boko, Drasko and Fitch, W. Tecumseh},
	Date-Added = {2014-05-14 13:14:51 +0000},
	Date-Modified = {2014-05-14 13:14:51 +0000},
	Doi = {{10.1186/1471-2148-13-134}},
	Issn = {{1471-2148}},
	Journal = {{BMC EVOLUTIONARY BIOLOGY}},
	Month = {{JUL 1}},
	Title = {{Phylogenetic signal in the acoustic parameters of the advertisement calls of four clades of anurans}},
	Unique-Id = {{ISI:000321371500001}},
	Volume = {{13}},
	Year = {{2013}},
	Bdsk-Url-1 = {http://dx.doi.org/10.1186/1471-2148-13-134%7D}}

@article{ISI:000320389100007,
	Author = {Jones, Katrina E. and Ruff, Christopher B. and Goswami, Anjali},
	Date-Added = {2014-05-14 13:14:51 +0000},
	Date-Modified = {2014-05-14 13:14:51 +0000},
	Doi = {{10.1002/ar.22710}},
	Issn = {{1932-8486}},
	Journal = {{ANATOMICAL RECORD-ADVANCES IN INTEGRATIVE ANATOMY AND EVOLUTIONARY BIOLOGY}},
	Month = {{JUL}},
	Number = {{7}},
	Pages = {{1049-1063}},
	Title = {{Morphology and Biomechanics of the Pinniped Jaw: Mandibular Evolution Without Mastication}},
	Unique-Id = {{ISI:000320389100007}},
	Volume = {{296}},
	Year = {{2013}},
	Bdsk-Url-1 = {http://dx.doi.org/10.1002/ar.22710%7D}}

@article{ISI:000320938100008,
	Author = {Chrobock, Thomas and Weiner, Christiane N. and Werner, Michael and Bluethgen, Nico and Fischer, Markus and van Kleunen, Mark},
	Date-Added = {2014-05-14 13:14:51 +0000},
	Date-Modified = {2014-05-14 13:14:51 +0000},
	Doi = {{10.1111/1365-2745.12107}},
	Issn = {{0022-0477}},
	Journal = {{JOURNAL OF ECOLOGY}},
	Month = {{JUL}},
	Number = {{4}},
	Pages = {{916-923}},
	Researcherid-Numbers = {{Fischer, Markus/C-6411-2008 Bluthgen, Nico/F-5983-2010}},
	Title = {{Effects of native pollinator specialization, self-compatibility and flowering duration of European plant species on their invasiveness elsewhere}},
	Unique-Id = {{ISI:000320938100008}},
	Volume = {{101}},
	Year = {{2013}},
	Bdsk-Url-1 = {http://dx.doi.org/10.1111/1365-2745.12107%7D}}

@article{ISI:000320116500003,
	Author = {Ping, Li-Hua and Joseph, Sarah B. and Anderson, Jeffrey A. and Abrahams, Melissa-Rose and Salazar-Gonzalez, Jesus F. and Kincer, Laura P. and Treurnicht, Florette K. and Arney, Leslie and Ojeda, Suany and Zhang, Ming and Keys, Jessica and Potter, E. Lake and Chu, Haitao and Moore, Penny and Salazar, Maria G. and Iyer, Shilpa and Jabara, Cassandra and Kirchherr, Jennifer and Mapanje, Clement and Ngandu, Nobubelo and Seoighe, Cathal and Hoffman, Irving and Gao, Feng and Tang, Yuyang and Labranche, Celia and Lee, Benhur and Saville, Andrew and Vermeulen, Marion and Fiscus, Susan and Morris, Lynn and Karim, Salim Abdool and Haynes, Barton F. and Shaw, George M. and Korber, Bette T. and Hahn, Beatrice H. and Cohen, Myron S. and Montefiori, David and Williamson, Carolyn and Swanstrom, Ronald and CAPRISA 002 Acute Infect Study Team and Ctr HIV-AIDS Vaccine Immunology},
	Date-Added = {2014-05-14 13:14:51 +0000},
	Date-Modified = {2014-05-14 13:14:51 +0000},
	Doi = {{10.1128/JVI.03577-12}},
	Issn = {{0022-538X}},
	Journal = {{JOURNAL OF VIROLOGY}},
	Month = {{JUL}},
	Number = {{13}},
	Orcid-Numbers = {{Abdool Karim, Salim Safurdeen/0000-0002-4986-2133}},
	Pages = {{7218-7233}},
	Researcherid-Numbers = {{Abdool Karim, Salim Safurdeen/N-5947-2013}},
	Title = {{Comparison of Viral Env Proteins from Acute and Chronic Infections with Subtype C Human Immunodeficiency Virus Type 1 Identifies Differences in Glycosylation and CCR5 Utilization and Suggests a New Strategy for Immunogen Design}},
	Unique-Id = {{ISI:000320116500003}},
	Volume = {{87}},
	Year = {{2013}},
	Bdsk-Url-1 = {http://dx.doi.org/10.1128/JVI.03577-12%7D}}

@article{ISI:000320620700004,
	Author = {Brandt, R. and Navas, C. A.},
	Date-Added = {2014-05-14 13:14:51 +0000},
	Date-Modified = {2014-05-14 13:14:51 +0000},
	Doi = {{10.1111/jzo.12024}},
	Issn = {{0952-8369}},
	Journal = {{JOURNAL OF ZOOLOGY}},
	Month = {{JUL}},
	Number = {{3}},
	Orcid-Numbers = {{Navas, Carlos/0000-0003-1961-5585}},
	Pages = {{192-198}},
	Researcherid-Numbers = {{Navas, Carlos/B-2138-2013}},
	Title = {{Body size variation across climatic gradients and sexual size dimorphism in Tropidurinae lizards}},
	Unique-Id = {{ISI:000320620700004}},
	Volume = {{290}},
	Year = {{2013}},
	Bdsk-Url-1 = {http://dx.doi.org/10.1111/jzo.12024%7D}}

@article{ISI:000321056200021,
	Author = {Xia, Xuhua},
	Date-Added = {2014-05-14 13:14:51 +0000},
	Date-Modified = {2014-05-14 13:14:51 +0000},
	Doi = {{10.1093/molbev/mst064}},
	Issn = {{0737-4038}},
	Journal = {{MOLECULAR BIOLOGY AND EVOLUTION}},
	Month = {{JUL}},
	Number = {{7}},
	Pages = {{1720-1728}},
	Title = {{DAMBE5: A Comprehensive Software Package for Data Analysis in Molecular Biology and Evolution}},
	Unique-Id = {{ISI:000321056200021}},
	Volume = {{30}},
	Year = {{2013}},
	Bdsk-Url-1 = {http://dx.doi.org/10.1093/molbev/mst064%7D}}

@article{ISI:000320402300007,
	Author = {Klingenberg, Christian Peter and Marugan-Lobon, Jesus},
	Date-Added = {2014-05-14 13:14:51 +0000},
	Date-Modified = {2014-05-14 13:14:51 +0000},
	Doi = {{10.1093/sysbio/syt025}},
	Issn = {{1063-5157}},
	Journal = {{SYSTEMATIC BIOLOGY}},
	Month = {{JUL}},
	Number = {{4}},
	Orcid-Numbers = {{Klingenberg, Christian Peter/0000-0002-8117-6141}},
	Pages = {{591-610}},
	Researcherid-Numbers = {{Klingenberg, Christian Peter/B-3470-2010}},
	Title = {{Evolutionary Covariation in Geometric Morphometric Data: Analyzing Integration, Modularity, and Allometry in a Phylogenetic Context}},
	Unique-Id = {{ISI:000320402300007}},
	Volume = {{62}},
	Year = {{2013}},
	Bdsk-Url-1 = {http://dx.doi.org/10.1093/sysbio/syt025%7D}}

@article{ISI:000319946000019,
	Author = {Miner, Brooks E. and Knapp, Roland A. and Colbourne, John K. and Pfrender, Michael E.},
	Date-Added = {2014-05-14 13:14:51 +0000},
	Date-Modified = {2014-05-14 13:14:51 +0000},
	Doi = {{10.1111/fwb.12152}},
	Issn = {{0046-5070}},
	Journal = {{FRESHWATER BIOLOGY}},
	Month = {{JUL}},
	Number = {{7}},
	Pages = {{1512-1522}},
	Title = {{Evolutionary history of alpine and subalpine Daphnia in western North America}},
	Unique-Id = {{ISI:000319946000019}},
	Volume = {{58}},
	Year = {{2013}},
	Bdsk-Url-1 = {http://dx.doi.org/10.1111/fwb.12152%7D}}

@article{ISI:000320326600007,
	Author = {Chen, Weile and Zeng, Hui and Eissenstat, David M. and Guo, Dali},
	Date-Added = {2014-05-14 13:14:51 +0000},
	Date-Modified = {2014-05-14 13:14:51 +0000},
	Doi = {{10.1111/geb.12048}},
	Issn = {{1466-822X}},
	Journal = {{GLOBAL ECOLOGY AND BIOGEOGRAPHY}},
	Month = {{JUL}},
	Number = {{7}},
	Pages = {{846-856}},
	Title = {{Variation of first-order root traits across climatic gradients and evolutionary trends in geological time}},
	Unique-Id = {{ISI:000320326600007}},
	Volume = {{22}},
	Year = {{2013}},
	Bdsk-Url-1 = {http://dx.doi.org/10.1111/geb.12048%7D}}

@article{ISI:000320409100005,
	Author = {Dias, Andre T. C. and Krab, Eveline J. and Marien, Janine and Zimmer, Martin and Cornelissen, Johannes H. C. and Ellers, Jacintha and Wardle, David A. and Berg, Matty P.},
	Date-Added = {2014-05-14 13:14:51 +0000},
	Date-Modified = {2014-05-14 13:14:51 +0000},
	Doi = {{10.1007/s00442-012-2541-3}},
	Issn = {{0029-8549}},
	Journal = {{OECOLOGIA}},
	Month = {{JUL}},
	Number = {{3}},
	Pages = {{667-677}},
	Title = {{Traits underpinning desiccation resistance explain distribution patterns of terrestrial isopods}},
	Unique-Id = {{ISI:000320409100005}},
	Volume = {{172}},
	Year = {{2013}},
	Bdsk-Url-1 = {http://dx.doi.org/10.1007/s00442-012-2541-3%7D}}

@article{ISI:000319001000009,
	Author = {Kamilar, Jason M. and Heesy, Christopher P. and Bradley, Brenda J.},
	Date-Added = {2014-05-14 13:14:51 +0000},
	Date-Modified = {2014-05-14 13:14:51 +0000},
	Doi = {{10.1002/ajp.22099}},
	Issn = {{0275-2565}},
	Journal = {{AMERICAN JOURNAL OF PRIMATOLOGY}},
	Month = {{JUL}},
	Number = {{7, SI}},
	Pages = {{740-751}},
	Title = {{Did Trichromatic Color Vision and Red Hair Color Coevolve in Primates?}},
	Unique-Id = {{ISI:000319001000009}},
	Volume = {{75}},
	Year = {{2013}},
	Bdsk-Url-1 = {http://dx.doi.org/10.1002/ajp.22099%7D}}

@article{ISI:000321145100001,
	Author = {Polidori, Carlo and Crottini, Angelica and Della Venezia, Lidia and Selfa, Jesus and Saino, Nicola and Rubolini, Diego},
	Date-Added = {2014-05-14 13:14:51 +0000},
	Date-Modified = {2014-05-14 13:14:51 +0000},
	Doi = {{10.1186/1742-9994-10-36}},
	Issn = {{1742-9994}},
	Journal = {{FRONTIERS IN ZOOLOGY}},
	Month = {{JUN 28}},
	Orcid-Numbers = {{Polidori, Carlo/0000-0003-4834-0752 Crottini, Angelica/0000-0002-8505-3050}},
	Researcherid-Numbers = {{Polidori, Carlo/G-4382-2010 Crottini, Angelica/I-7680-2013}},
	Title = {{Food load manipulation ability shapes flight morphology in females of central-place foraging Hymenoptera}},
	Unique-Id = {{ISI:000321145100001}},
	Volume = {{10}},
	Year = {{2013}},
	Bdsk-Url-1 = {http://dx.doi.org/10.1186/1742-9994-10-36%7D}}

@article{ISI:000321150000019,
	Article-Number = {{e67001}},
	Author = {Jhwueng, Dwueng-Chwuan},
	Date-Added = {2014-05-14 13:14:51 +0000},
	Date-Modified = {2014-05-14 13:14:51 +0000},
	Doi = {{10.1371/journal.pone.0067001}},
	Issn = {{1932-6203}},
	Journal = {{PLOS ONE}},
	Month = {{JUN 27}},
	Number = {{6}},
	Title = {{Assessing the Goodness of Fit of Phylogenetic Comparative Methods: A Meta-Analysis and Simulation Study}},
	Unique-Id = {{ISI:000321150000019}},
	Volume = {{8}},
	Year = {{2013}},
	Bdsk-Url-1 = {http://dx.doi.org/10.1371/journal.pone.0067001%7D}}

@article{ISI:000322342800148,
	Article-Number = {{e68541}},
	Author = {Flores-Moreno, Habacuc and Thomson, Fiona J. and Warton, David I. and Moles, Angela T.},
	Date-Added = {2014-05-14 13:14:51 +0000},
	Date-Modified = {2014-05-14 13:14:51 +0000},
	Doi = {{10.1371/journal.pone.0068541}},
	Issn = {{1932-6203}},
	Journal = {{PLOS ONE}},
	Month = {{JUN 20}},
	Number = {{6}},
	Researcherid-Numbers = {{Warton, David/B-5791-2009}},
	Title = {{Are Introduced Species Better Dispersers Than Native Species? A Global Comparative Study of Seed Dispersal Distance}},
	Unique-Id = {{ISI:000322342800148}},
	Volume = {{8}},
	Year = {{2013}},
	Bdsk-Url-1 = {http://dx.doi.org/10.1371/journal.pone.0068541%7D}}

@article{ISI:000321138800001,
	Article-Number = {{118}},
	Author = {Outomuro, David and Adams, Dean C. and Johansson, Frank},
	Date-Added = {2014-05-14 13:14:51 +0000},
	Date-Modified = {2014-05-14 13:14:51 +0000},
	Doi = {{10.1186/1471-2148-13-118}},
	Issn = {{1471-2148}},
	Journal = {{BMC EVOLUTIONARY BIOLOGY}},
	Month = {{JUN 7}},
	Title = {{Wing shape allometry and aerodynamics in calopterygid damselflies: a comparative approach}},
	Unique-Id = {{ISI:000321138800001}},
	Volume = {{13}},
	Year = {{2013}},
	Bdsk-Url-1 = {http://dx.doi.org/10.1186/1471-2148-13-118%7D}}

@article{ISI:000318024600011,
	Article-Number = {{20130401}},
	Author = {Olson, Valerie A. and Turvey, Samuel T.},
	Date-Added = {2014-05-14 13:14:51 +0000},
	Date-Modified = {2014-05-14 13:14:51 +0000},
	Doi = {{10.1098/rspb.2013.0401}},
	Issn = {{0962-8452}},
	Journal = {{PROCEEDINGS OF THE ROYAL SOCIETY B-BIOLOGICAL SCIENCES}},
	Month = {{JUN 7}},
	Number = {{1760}},
	Title = {{The evolution of sexual dimorphism in New Zealand giant moa (Dinornis) and other ratites}},
	Unique-Id = {{ISI:000318024600011}},
	Volume = {{280}},
	Year = {{2013}},
	Bdsk-Url-1 = {http://dx.doi.org/10.1098/rspb.2013.0401%7D}}

@article{ISI:000321099000085,
	Article-Number = {{e65642}},
	Author = {Lecocq, Thomas and Vereecken, Nicolas J. and Michez, Denis and Dellicour, Simon and Lhomme, Patrick and Valterova, Irena and Rasplus, Jean-Yves and Rasmont, Pierre},
	Date-Added = {2014-05-14 13:14:51 +0000},
	Date-Modified = {2014-05-14 13:14:51 +0000},
	Doi = {{10.1371/journal.pone.0065642}},
	Issn = {{1932-6203}},
	Journal = {{PLOS ONE}},
	Month = {{JUN 6}},
	Number = {{6}},
	Title = {{Patterns of Genetic and Reproductive Traits Differentiation in Mainland vs. Corsican Populations of Bumblebees}},
	Unique-Id = {{ISI:000321099000085}},
	Volume = {{8}},
	Year = {{2013}},
	Bdsk-Url-1 = {http://dx.doi.org/10.1371/journal.pone.0065642%7D}}

@article{ISI:000320579400073,
	Article-Number = {{e65667}},
	Author = {Ouellet, Jean-Francois and Vanpe, Cecile and Guillemette, Magella},
	Date-Added = {2014-05-14 13:14:51 +0000},
	Date-Modified = {2014-05-14 13:14:51 +0000},
	Doi = {{10.1371/journal.pone.0065667}},
	Issn = {{1932-6203}},
	Journal = {{PLOS ONE}},
	Month = {{JUN 5}},
	Number = {{6}},
	Title = {{The Body Size-Dependent Diet Composition of North American Sea Ducks in Winter}},
	Unique-Id = {{ISI:000320579400073}},
	Volume = {{8}},
	Year = {{2013}},
	Bdsk-Url-1 = {http://dx.doi.org/10.1371/journal.pone.0065667%7D}}

@article{ISI:000322148900006,
	Author = {Galvan, Ismael and Negro, Juan J. and Rodriguez, Airam and Carrascal, Luis M.},
	Date-Added = {2014-05-14 13:14:51 +0000},
	Date-Modified = {2014-05-14 13:14:51 +0000},
	Doi = {{10.3161/000164513X670007}},
	Issn = {{0001-6454}},
	Journal = {{ACTA ORNITHOLOGICA}},
	Month = {{SUM}},
	Number = {{1}},
	Orcid-Numbers = {{Rodriguez, Airam/0000-0001-7882-135X CSIC, EBD Donana/0000-0003-4318-6602 Carrascal, Luis M./0000-0003-1288-5531}},
	Pages = {{65-80}},
	Researcherid-Numbers = {{Rodriguez, Airam/D-5110-2011 CSIC, EBD Donana/C-4157-2011 Carrascal, Luis M./B-8381-2008}},
	Title = {{On showy dwarfs and sober giants: body size as a constraint for the evolution of bird plumage colouration}},
	Unique-Id = {{ISI:000322148900006}},
	Volume = {{48}},
	Year = {{2013}},
	Bdsk-Url-1 = {http://dx.doi.org/10.3161/000164513X670007%7D}}

@article{ISI:000322099500003,
	Author = {Collins, Clint E. and Self, Jessica D. and Anderson, Roger A. and McBrayer, Lance D.},
	Date-Added = {2014-05-14 13:14:51 +0000},
	Date-Modified = {2014-05-14 13:14:51 +0000},
	Doi = {{10.1016/j.zool.2013.01.001}},
	Issn = {{0944-2006}},
	Journal = {{ZOOLOGY}},
	Month = {{JUN}},
	Number = {{3}},
	Pages = {{151-158}},
	Title = {{Rock-dwelling lizards exhibit less sensitivity of sprint speed to increases in substrate rugosity}},
	Unique-Id = {{ISI:000322099500003}},
	Volume = {{116}},
	Year = {{2013}},
	Bdsk-Url-1 = {http://dx.doi.org/10.1016/j.zool.2013.01.001%7D}}

@article{ISI:000321093400006,
	Author = {Marek-Kozaczuk, Monika and Leszcz, Agnieszka and Wielbo, Jerzy and Wdowiak-Wrobel, Sylwia and Skorupska, Anna},
	Date-Added = {2014-05-14 13:14:51 +0000},
	Date-Modified = {2014-05-14 13:14:51 +0000},
	Doi = {{10.1016/j.syapm.2013.01.005}},
	Issn = {{0723-2020}},
	Journal = {{SYSTEMATIC AND APPLIED MICROBIOLOGY}},
	Month = {{JUN}},
	Number = {{4}},
	Pages = {{252-258}},
	Title = {{Rhizobium pisi sv. trifolii K3.22 harboring nod genes of the Rhizobium leguminosarum sv. trifolii cluster}},
	Unique-Id = {{ISI:000321093400006}},
	Volume = {{36}},
	Year = {{2013}},
	Bdsk-Url-1 = {http://dx.doi.org/10.1016/j.syapm.2013.01.005%7D}}

@article{ISI:000320170100010,
	Author = {Husak, J. F. and Ribak, G. and Baker, R. H. and Rivera, G. and Wilkinson, G. S. and Swallow, J. G.},
	Date-Added = {2014-05-14 13:14:51 +0000},
	Date-Modified = {2014-05-14 13:14:51 +0000},
	Doi = {{10.1111/jeb.12133}},
	Issn = {{1010-061X}},
	Journal = {{JOURNAL OF EVOLUTIONARY BIOLOGY}},
	Month = {{JUN}},
	Number = {{6}},
	Pages = {{1281-1293}},
	Title = {{Effects of ornamentation and phylogeny on the evolution of wing shape in stalk-eyed flies (Diopsidae)}},
	Unique-Id = {{ISI:000320170100010}},
	Volume = {{26}},
	Year = {{2013}},
	Bdsk-Url-1 = {http://dx.doi.org/10.1111/jeb.12133%7D}}

@article{ISI:000320170100013,
	Author = {Lovegrove, B. G. and Mowoe, M. O.},
	Date-Added = {2014-05-14 13:14:51 +0000},
	Date-Modified = {2014-05-14 13:14:51 +0000},
	Doi = {{10.1111/jeb.12138}},
	Issn = {{1010-061X}},
	Journal = {{JOURNAL OF EVOLUTIONARY BIOLOGY}},
	Month = {{JUN}},
	Number = {{6}},
	Pages = {{1317-1329}},
	Researcherid-Numbers = {{Lovegrove, Barry/D-1320-2009}},
	Title = {{The evolution of mammal body sizes: responses to Cenozoic climate change in North American mammals}},
	Unique-Id = {{ISI:000320170100013}},
	Volume = {{26}},
	Year = {{2013}},
	Bdsk-Url-1 = {http://dx.doi.org/10.1111/jeb.12138%7D}}

@article{ISI:000319874800027,
	Author = {Tourmente, Maximiliano and Rowe, Melissah and Mar Gonzalez-Barroso, M. and Rial, Eduardo and Gomendio, Montserrat and Roldan, Eduardo R. S.},
	Date-Added = {2014-05-14 13:14:51 +0000},
	Date-Modified = {2014-05-14 13:14:51 +0000},
	Doi = {{10.1111/evo.12079}},
	Issn = {{0014-3820}},
	Journal = {{EVOLUTION}},
	Month = {{JUN}},
	Number = {{6}},
	Pages = {{1838-1846}},
	Title = {{POSTCOPULATORY SEXUAL SELECTION INCREASES ATP CONTENT IN RODENT SPERMATOZOA}},
	Unique-Id = {{ISI:000319874800027}},
	Volume = {{67}},
	Year = {{2013}},
	Bdsk-Url-1 = {http://dx.doi.org/10.1111/evo.12079%7D}}

@article{ISI:000319290600008,
	Author = {Valdujo, Paula H. and Carnaval, Ana Carolina O. Q. and Graham, Catherine H.},
	Date-Added = {2014-05-14 13:14:51 +0000},
	Date-Modified = {2014-05-14 13:14:51 +0000},
	Doi = {{10.1111/j.1600-0587.2012.07374.x}},
	Issn = {{0906-7590}},
	Journal = {{ECOGRAPHY}},
	Month = {{JUN}},
	Number = {{6}},
	Pages = {{708-717}},
	Title = {{Environmental correlates of anuran beta diversity in the Brazilian Cerrado}},
	Unique-Id = {{ISI:000319290600008}},
	Volume = {{36}},
	Year = {{2013}},
	Bdsk-Url-1 = {http://dx.doi.org/10.1111/j.1600-0587.2012.07374.x%7D}}

@article{ISI:000319333600012,
	Author = {Zimmerman, Amy E. and Martiny, Adam C. and Allison, Steven D.},
	Date-Added = {2014-05-14 13:14:51 +0000},
	Date-Modified = {2014-05-14 13:14:51 +0000},
	Doi = {{10.1038/ismej.2012.176}},
	Issn = {{1751-7362}},
	Journal = {{ISME JOURNAL}},
	Month = {{JUN}},
	Number = {{6}},
	Orcid-Numbers = {{Allison, Steven/0000-0003-4629-7842}},
	Pages = {{1187-1199}},
	Researcherid-Numbers = {{Allison, Steven/E-2978-2010}},
	Title = {{Microdiversity of extracellular enzyme genes among sequenced prokaryotic genomes}},
	Unique-Id = {{ISI:000319333600012}},
	Volume = {{7}},
	Year = {{2013}},
	Bdsk-Url-1 = {http://dx.doi.org/10.1038/ismej.2012.176%7D}}

@article{ISI:000326243100068,
	Author = {Park, Daniel S. and Potter, Daniel},
	Date-Added = {2014-05-14 13:14:40 +0000},
	Date-Modified = {2014-05-14 13:14:40 +0000},
	Doi = {{10.1073/pnas.1309948110}},
	Issn = {{0027-8424}},
	Journal = {{PROCEEDINGS OF THE NATIONAL ACADEMY OF SCIENCES OF THE UNITED STATES OF AMERICA}},
	Month = {{OCT 29}},
	Number = {{44}},
	Pages = {{17915-17920}},
	Title = {{A test of Darwin's naturalization hypothesis in the thistle tribe shows that close relatives make bad neighbors}},
	Unique-Id = {{ISI:000326243100068}},
	Volume = {{110}},
	Year = {{2013}},
	Bdsk-Url-1 = {http://dx.doi.org/10.1073/pnas.1309948110%7D}}

@article{ISI:000330289600043,
	Author = {Groussin, Mathieu and Boussau, Bastien and Charles, Sandrine and Blanquart, Samuel and Gouy, Manolo},
	Date-Added = {2014-05-14 13:14:40 +0000},
	Date-Modified = {2014-05-14 13:14:40 +0000},
	Doi = {{10.1098/rsbl.2013.0608}},
	Eissn = {{1744-957X}},
	Issn = {{1744-9561}},
	Journal = {{BIOLOGY LETTERS}},
	Month = {{OCT 23}},
	Number = {{5}},
	Title = {{The molecular signal for the adaptation to cold temperature during early life on Earth}},
	Unique-Id = {{ISI:000330289600043}},
	Volume = {{9}},
	Year = {{2013}},
	Bdsk-Url-1 = {http://dx.doi.org/10.1098/rsbl.2013.0608%7D}}

@article{ISI:000326625600001,
	Author = {Lott, Brittany Burton and Wang, Yongmei and Nakazato, Takuya},
	Date-Added = {2014-05-14 13:14:40 +0000},
	Date-Modified = {2014-05-14 13:14:40 +0000},
	Doi = {{10.1186/2046-1682-6-13}},
	Issn = {{2046-1682}},
	Journal = {{BMC BIOPHYSICS}},
	Month = {{OCT 23}},
	Researcherid-Numbers = {{Wang, Yongmei/B-7071-2008}},
	Title = {{A comparative study of ribosomal proteins: linkage between amino acid distribution and ribosomal assembly}},
	Unique-Id = {{ISI:000326625600001}},
	Volume = {{6}},
	Year = {{2013}},
	Bdsk-Url-1 = {http://dx.doi.org/10.1186/2046-1682-6-13%7D}}

@article{ISI:000326029300003,
	Article-Number = {{e75422}},
	Author = {Walker, Jeffrey A. and Alfaro, Michael E. and Noble, Mae M. and Fulton, Christopher J.},
	Date-Added = {2014-05-14 13:14:40 +0000},
	Date-Modified = {2014-05-14 13:14:40 +0000},
	Doi = {{10.1371/journal.pone.0075422}},
	Issn = {{1932-6203}},
	Journal = {{PLOS ONE}},
	Month = {{OCT 18}},
	Number = {{10}},
	Title = {{Body Fineness Ratio as a Predictor of Maximum Prolonged-Swimming Speed in Coral Reef Fishes}},
	Unique-Id = {{ISI:000326029300003}},
	Volume = {{8}},
	Year = {{2013}},
	Bdsk-Url-1 = {http://dx.doi.org/10.1371/journal.pone.0075422%7D}}

@article{ISI:000325887300119,
	Author = {Symonds, Matthew R. E. and Elgar, Mark A.},
	Date-Added = {2014-05-14 13:14:40 +0000},
	Date-Modified = {2014-05-14 13:14:40 +0000},
	Doi = {{10.1371/journal.pone.0078297}},
	Issn = {{1932-6203}},
	Journal = {{PLOS ONE}},
	Month = {{OCT 14}},
	Number = {{10}},
	Title = {{The Evolution of Body Size, Antennal Size and Host Use in Parasitoid Wasps (Hymenoptera: Chalcidoidea): A Phylogenetic Comparative Analysis}},
	Unique-Id = {{ISI:000325887300119}},
	Volume = {{8}},
	Year = {{2013}},
	Bdsk-Url-1 = {http://dx.doi.org/10.1371/journal.pone.0078297%7D}}

@article{ISI:000330321300031,
	Article-Number = {{20131780}},
	Author = {Benson, Roger B. J. and Choiniere, Jonah N.},
	Date-Added = {2014-05-14 13:14:40 +0000},
	Date-Modified = {2014-05-14 13:14:40 +0000},
	Doi = {{10.1098/rspb.2013.1780}},
	Eissn = {{1471-2954}},
	Issn = {{0962-8452}},
	Journal = {{PROCEEDINGS OF THE ROYAL SOCIETY B-BIOLOGICAL SCIENCES}},
	Month = {{OCT 7}},
	Number = {{1768}},
	Title = {{Rates of dinosaur limb evolution provide evidence for exceptional radiation in Mesozoic birds}},
	Unique-Id = {{ISI:000330321300031}},
	Volume = {{280}},
	Year = {{2013}},
	Bdsk-Url-1 = {http://dx.doi.org/10.1098/rspb.2013.1780%7D}}

@article{ISI:000331515500001,
	Article-Number = {{299}},
	Author = {Jorgensen, Steffen L. and Thorseth, Ingunn H. and Pedersen, Rolf B. and Baumberger, Tamara and Schleper, Christa},
	Date-Added = {2014-05-14 13:14:40 +0000},
	Date-Modified = {2014-05-14 13:14:40 +0000},
	Doi = {{10.3389/fmicb.2013.00299}},
	Issn = {{1664-302X}},
	Journal = {{FRONTIERS IN MICROBIOLOGY}},
	Month = {{OCT 4}},
	Title = {{Quantitative and phylogenetic study of the Deep Sea Archaeal Group in sediments of the Arctic mid-ocean spreading ridge}},
	Unique-Id = {{ISI:000331515500001}},
	Volume = {{4}},
	Year = {{2013}},
	Bdsk-Url-1 = {http://dx.doi.org/10.3389/fmicb.2013.00299%7D}}

@article{ISI:000329473100016,
	Author = {Witt, T. and Juergens, A. and Gottsberger, G.},
	Date-Added = {2014-05-14 13:14:40 +0000},
	Date-Modified = {2014-05-14 13:14:40 +0000},
	Doi = {{10.1111/jeb.12224}},
	Eissn = {{1420-9101}},
	Issn = {{1010-061X}},
	Journal = {{JOURNAL OF EVOLUTIONARY BIOLOGY}},
	Month = {{OCT}},
	Number = {{10}},
	Orcid-Numbers = {{Juergens, Andreas/0000-0002-5288-0498}},
	Pages = {{2244-2259}},
	Researcherid-Numbers = {{Juergens, Andreas/E-9479-2010}},
	Title = {{Nectar sugar composition of European Caryophylloideae (Caryophyllaceae) in relation to flower length, pollination biology and phylogeny}},
	Unique-Id = {{ISI:000329473100016}},
	Volume = {{26}},
	Year = {{2013}},
	Bdsk-Url-1 = {http://dx.doi.org/10.1111/jeb.12224%7D}}

@article{ISI:000325765000013,
	Author = {Roddy, Adam B. and Guilliams, C. Matt and Lilittham, Terapan and Farmer, Jessica and Wormser, Vanessa and Trang Pham and Fine, Paul V. A. and Feild, Taylor S. and Dawson, Todd E.},
	Date-Added = {2014-05-14 13:14:40 +0000},
	Date-Modified = {2014-05-14 13:14:40 +0000},
	Doi = {{10.1093/jxb/ert247}},
	Eissn = {{1460-2431}},
	Issn = {{0022-0957}},
	Journal = {{JOURNAL OF EXPERIMENTAL BOTANY}},
	Month = {{OCT}},
	Number = {{13}},
	Orcid-Numbers = {{Roddy, Adam/0000-0002-4423-8729}},
	Pages = {{4081-4088}},
	Researcherid-Numbers = {{Roddy, Adam/M-4523-2013}},
	Title = {{Uncorrelated evolution of leaf and petal venation patterns across the angiosperm phylogeny}},
	Unique-Id = {{ISI:000325765000013}},
	Volume = {{64}},
	Year = {{2013}},
	Bdsk-Url-1 = {http://dx.doi.org/10.1093/jxb/ert247%7D}}

@article{ISI:000325692900023,
	Author = {Rafferty, Nicole E. and Ives, Anthony R.},
	Date-Added = {2014-05-14 13:14:40 +0000},
	Date-Modified = {2014-05-14 13:14:40 +0000},
	Doi = {{10.1890/12-1948.1}},
	Eissn = {{1939-9170}},
	Issn = {{0012-9658}},
	Journal = {{ECOLOGY}},
	Month = {{OCT}},
	Number = {{10}},
	Pages = {{2321-2333}},
	Title = {{Phylogenetic trait-based analyses of ecological networks}},
	Unique-Id = {{ISI:000325692900023}},
	Volume = {{94}},
	Year = {{2013}},
	Bdsk-Url-1 = {http://dx.doi.org/10.1890/12-1948.1%7D}}

@article{ISI:000325599000017,
	Author = {Famoso, Nicholas A. and Feranec, Robert S. and Davis, Edward B.},
	Date-Added = {2014-05-14 13:14:40 +0000},
	Date-Modified = {2014-05-14 13:14:40 +0000},
	Doi = {{10.1016/j.palaeo.2013.07.006}},
	Eissn = {{1872-616X}},
	Issn = {{0031-0182}},
	Journal = {{PALAEOGEOGRAPHY PALAEOCLIMATOLOGY PALAEOECOLOGY}},
	Month = {{OCT 1}},
	Pages = {{211-216}},
	Title = {{Occlusal enamel complexity and its implications for lophodonty, hypsodony, body mass, and diet in extinct and extant ungulates}},
	Unique-Id = {{ISI:000325599000017}},
	Volume = {{387}},
	Year = {{2013}},
	Bdsk-Url-1 = {http://dx.doi.org/10.1016/j.palaeo.2013.07.006%7D}}

@article{ISI:000325152700022,
	Author = {Vesely, Pavel and Bures, Petr and Smarda, Petr},
	Date-Added = {2014-05-14 13:14:40 +0000},
	Date-Modified = {2014-05-14 13:14:40 +0000},
	Doi = {{10.1093/aob/mct185}},
	Issn = {{0305-7364}},
	Journal = {{ANNALS OF BOTANY}},
	Month = {{OCT}},
	Number = {{6}},
	Pages = {{1193-1200}},
	Title = {{Nutrient reserves may allow for genome size increase: evidence from comparison of geophytes and their sister non-geophytic relatives}},
	Unique-Id = {{ISI:000325152700022}},
	Volume = {{112}},
	Year = {{2013}},
	Bdsk-Url-1 = {http://dx.doi.org/10.1093/aob/mct185%7D}}

@article{ISI:000324545200031,
	Author = {Stuart, Jeffrey A. and Liang, Ping and Luo, Xuemei and Page, Melissa M. and Gallagher, Emily J. and Christoff, Casey A. and Robb, Ellen L.},
	Date-Added = {2014-05-14 13:14:40 +0000},
	Date-Modified = {2014-05-14 13:14:40 +0000},
	Doi = {{10.1007/s11357-012-9458-y}},
	Issn = {{0161-9152}},
	Journal = {{AGE}},
	Month = {{OCT}},
	Number = {{5}},
	Pages = {{1937-1947}},
	Title = {{A comparative cellular and molecular biology of longevity database}},
	Unique-Id = {{ISI:000324545200031}},
	Volume = {{35}},
	Year = {{2013}},
	Bdsk-Url-1 = {http://dx.doi.org/10.1007/s11357-012-9458-y%7D}}

@article{ISI:000324313600001,
	Author = {Ewers, Robert M. and Didham, Raphael K. and Pearse, William D. and Lefebvre, Veronique and Rosa, Isabel M. D. and Carreiras, Joao M. B. and Lucas, Richard M. and Reuman, Daniel C.},
	Date-Added = {2014-05-14 13:14:40 +0000},
	Date-Modified = {2014-05-14 13:14:40 +0000},
	Doi = {{10.1111/ele.12160}},
	Issn = {{1461-023X}},
	Journal = {{ECOLOGY LETTERS}},
	Month = {{OCT}},
	Number = {{10}},
	Orcid-Numbers = {{Rosa, Isabel/0000-0001-8257-1963}},
	Pages = {{1221-1233}},
	Researcherid-Numbers = {{Rosa, Isabel/F-8600-2010}},
	Title = {{Using landscape history to predict biodiversity patterns in fragmented landscapes}},
	Unique-Id = {{ISI:000324313600001}},
	Volume = {{16}},
	Year = {{2013}},
	Bdsk-Url-1 = {http://dx.doi.org/10.1111/ele.12160%7D}}

@article{ISI:000324642400009,
	Author = {Noakes, Matthew J. and Smit, Ben and Wolf, Blair O. and McKechnie, Andrew E.},
	Date-Added = {2014-05-14 13:14:40 +0000},
	Date-Modified = {2014-05-14 13:14:40 +0000},
	Doi = {{10.1007/s00360-013-0763-2}},
	Issn = {{0174-1578}},
	Journal = {{JOURNAL OF COMPARATIVE PHYSIOLOGY B-BIOCHEMICAL SYSTEMIC AND ENVIRONMENTAL PHYSIOLOGY}},
	Month = {{OCT}},
	Number = {{7}},
	Pages = {{969-982}},
	Title = {{Thermoregulation in African Green Pigeons (Treron calvus) and a re-analysis of insular effects on basal metabolic rate and heterothermy in columbid birds}},
	Unique-Id = {{ISI:000324642400009}},
	Volume = {{183}},
	Year = {{2013}},
	Bdsk-Url-1 = {http://dx.doi.org/10.1007/s00360-013-0763-2%7D}}

@article{ISI:000324090800013,
	Author = {Kimberley, Adam and Blackburn, George A. and Whyatt, James D. and Kirby, Keith and Smart, Simon M.},
	Date-Added = {2014-05-14 13:14:40 +0000},
	Date-Modified = {2014-05-14 13:14:40 +0000},
	Doi = {{10.1111/avsc.12047}},
	Issn = {{1402-2001}},
	Journal = {{APPLIED VEGETATION SCIENCE}},
	Month = {{OCT}},
	Number = {{4}},
	Orcid-Numbers = {{Whyatt, James/0000-0001-9329-4367 }},
	Pages = {{667-675}},
	Researcherid-Numbers = {{Whyatt, James/D-8123-2014 Blackburn, George/E-6221-2014}},
	Title = {{Identifying the trait syndromes of conservation indicator species: how distinct are British ancient woodland indicator plants from other woodland species?}},
	Unique-Id = {{ISI:000324090800013}},
	Volume = {{16}},
	Year = {{2013}},
	Bdsk-Url-1 = {http://dx.doi.org/10.1111/avsc.12047%7D}}

@article{ISI:000324806400001,
	Article-Number = {{198}},
	Author = {Boeve, Jean-Luc and Blank, Stephan M. and Meijer, Gert and Nyman, Tommi},
	Date-Added = {2014-05-14 13:14:40 +0000},
	Date-Modified = {2014-05-14 13:14:40 +0000},
	Doi = {{10.1186/1471-2148-13-198}},
	Issn = {{1471-2148}},
	Journal = {{BMC EVOLUTIONARY BIOLOGY}},
	Month = {{SEP 16}},
	Title = {{Invertebrate and avian predators as drivers of chemical defensive strategies in tenthredinid sawflies}},
	Unique-Id = {{ISI:000324806400001}},
	Volume = {{13}},
	Year = {{2013}},
	Bdsk-Url-1 = {http://dx.doi.org/10.1186/1471-2148-13-198%7D}}

@article{ISI:000324408400006,
	Article-Number = {{e72731}},
	Author = {Agosta, Salvatore J. and Bernardo, Joseph and Ceballos, Gerardo and Steele, Michael A.},
	Date-Added = {2014-05-14 13:14:40 +0000},
	Date-Modified = {2014-05-14 13:14:40 +0000},
	Doi = {{10.1371/journal.pone.0072731}},
	Issn = {{1932-6203}},
	Journal = {{PLOS ONE}},
	Month = {{SEP 13}},
	Number = {{9}},
	Orcid-Numbers = {{Bernardo, Joseph/0000-0002-5516-4710}},
	Researcherid-Numbers = {{Bernardo, Joseph/C-2403-2008}},
	Title = {{A Macrophysiological Analysis of Energetic Constraints on Geographic Range Size in Mammals}},
	Unique-Id = {{ISI:000324408400006}},
	Volume = {{8}},
	Year = {{2013}},
	Bdsk-Url-1 = {http://dx.doi.org/10.1371/journal.pone.0072731%7D}}

@article{ISI:000324515600108,
	Article-Number = {{e73535}},
	Author = {Miya, Masaki and Friedman, Matt and Satoh, Takashi P. and Takeshima, Hirohiko and Sado, Tetsuya and Iwasaki, Wataru and Yamanoue, Yusuke and Nakatani, Masanori and Mabuchi, Kohji and Inoue, Jun G. and Poulsen, Jan Yde and Fukunaga, Tsukasa and Sato, Yukuto and Nishida, Mutsumi},
	Date-Added = {2014-05-14 13:14:40 +0000},
	Date-Modified = {2014-05-14 13:14:40 +0000},
	Doi = {{10.1371/journal.pone.0073535}},
	Issn = {{1932-6203}},
	Journal = {{PLOS ONE}},
	Month = {{SEP 4}},
	Number = {{9}},
	Title = {{Evolutionary Origin of the Scombridae (Tunas and Mackerels): Members of a Paleogene Adaptive Radiation with 14 Other Pelagic Fish Families}},
	Unique-Id = {{ISI:000324515600108}},
	Volume = {{8}},
	Year = {{2013}},
	Bdsk-Url-1 = {http://dx.doi.org/10.1371/journal.pone.0073535%7D}}

@article{ISI:000324212800001,
	Article-Number = {{599}},
	Author = {Gilbert, James D. J. and Acquisti, Claudia and Martinson, Holly M. and Elser, James J. and Kumar, Sudhir and Fagan, William F.},
	Date-Added = {2014-05-14 13:14:40 +0000},
	Date-Modified = {2014-05-14 13:14:40 +0000},
	Doi = {{10.1186/1471-2164-14-599}},
	Issn = {{1471-2164}},
	Journal = {{BMC GENOMICS}},
	Month = {{SEP 4}},
	Orcid-Numbers = {{Gilbert, James/0000-0001-7014-2803 Elser, James/0000-0002-1460-2155}},
	Researcherid-Numbers = {{Gilbert, James/A-8965-2010 Elser, James/A-7082-2008}},
	Title = {{GRASP {[}Genomic Resource Access for Stoichioproteomics]: comparative explorations of the atomic content of 12 Drosophila proteomes}},
	Unique-Id = {{ISI:000324212800001}},
	Volume = {{14}},
	Year = {{2013}},
	Bdsk-Url-1 = {http://dx.doi.org/10.1186/1471-2164-14-599%7D}}

@article{ISI:000330542400005,
	Author = {Hearn, David J. and Poulsen, Travis and Spicer, Rachel},
	Date-Added = {2014-05-14 13:14:40 +0000},
	Date-Modified = {2014-05-14 13:14:40 +0000},
	Doi = {{10.1086/671745}},
	Eissn = {{1537-5315}},
	Issn = {{1058-5893}},
	Journal = {{INTERNATIONAL JOURNAL OF PLANT SCIENCES}},
	Month = {{SEP}},
	Number = {{7, SI}},
	Pages = {{1049-1061}},
	Title = {{THE EVOLUTION OF GROWTH FORMS WITH EXPANDED ROOT AND SHOOT PARENCHYMATOUS STORAGE IS CORRELATED ACROSS THE EUDICOTS}},
	Unique-Id = {{ISI:000330542400005}},
	Volume = {{174}},
	Year = {{2013}},
	Bdsk-Url-1 = {http://dx.doi.org/10.1086/671745%7D}}

@article{ISI:000330542400006,
	Author = {Olson, Mark E. and Rosell, Julieta A. and Leon, Calixto and Zamora, Salvador and Weeks, Andrea and Alvarado-Cardenas, Leonardo O. and Cacho, N. Ivalu and Grant, Jason},
	Date-Added = {2014-05-14 13:14:40 +0000},
	Date-Modified = {2014-05-14 13:14:40 +0000},
	Doi = {{10.1086/671432}},
	Eissn = {{1537-5315}},
	Issn = {{1058-5893}},
	Journal = {{INTERNATIONAL JOURNAL OF PLANT SCIENCES}},
	Month = {{SEP}},
	Number = {{7, SI}},
	Pages = {{1062-1078}},
	Title = {{CONVERGENT VESSEL DIAMETER-STEM DIAMETER SCALING ACROSS FIVE CLADES OF NEW AND OLD WORLD EUDICOTS FROM DESERT TO RAIN FOREST}},
	Unique-Id = {{ISI:000330542400006}},
	Volume = {{174}},
	Year = {{2013}},
	Bdsk-Url-1 = {http://dx.doi.org/10.1086/671432%7D}}

@article{ISI:000325533900005,
	Article-Number = {{2458}},
	Author = {Cardini, Andrea and Polly, P. David},
	Date-Added = {2014-05-14 13:14:40 +0000},
	Date-Modified = {2014-05-14 13:14:40 +0000},
	Doi = {{10.1038/ncomms3458}},
	Issn = {{2041-1723}},
	Journal = {{NATURE COMMUNICATIONS}},
	Month = {{SEP}},
	Title = {{Larger mammals have longer faces because of size-related constraints on skull form}},
	Unique-Id = {{ISI:000325533900005}},
	Volume = {{4}},
	Year = {{2013}},
	Bdsk-Url-1 = {http://dx.doi.org/10.1038/ncomms3458%7D}}

@article{ISI:000325176400012,
	Author = {Schenk, John J.},
	Date-Added = {2014-05-14 13:14:40 +0000},
	Date-Modified = {2014-05-14 13:14:40 +0000},
	Doi = {{10.3732/ajb.1300075}},
	Issn = {{0002-9122}},
	Journal = {{AMERICAN JOURNAL OF BOTANY}},
	Month = {{SEP}},
	Number = {{9}},
	Pages = {{1811-1822}},
	Title = {{EVOLUTION OF LIMITED SEED DISPERSAL ABILITY ON GYPSUM ISLANDS}},
	Unique-Id = {{ISI:000325176400012}},
	Volume = {{100}},
	Year = {{2013}},
	Bdsk-Url-1 = {http://dx.doi.org/10.3732/ajb.1300075%7D}}

@article{ISI:000325076600018,
	Article-Number = {{e1003748}},
	Author = {Paris, Mathilde and Kaplan, Tommy and Li, Xiao Yong and Villalta, Jacqueline E. and Lott, Susan E. and Eisen, Michael B.},
	Date-Added = {2014-05-14 13:14:40 +0000},
	Date-Modified = {2014-05-14 13:14:40 +0000},
	Doi = {{10.1371/journal.pgen.1003748}},
	Issn = {{1553-7404}},
	Journal = {{PLOS GENETICS}},
	Month = {{SEP}},
	Number = {{9}},
	Title = {{Extensive Divergence of Transcription Factor Binding in Drosophila Embryos with Highly Conserved Gene Expression}},
	Unique-Id = {{ISI:000325076600018}},
	Volume = {{9}},
	Year = {{2013}},
	Bdsk-Url-1 = {http://dx.doi.org/10.1371/journal.pgen.1003748%7D}}

@article{ISI:000324046400021,
	Author = {Johnson, Allison E. and Price, J. Jordan and Pruett-Jones, Stephen},
	Date-Added = {2014-05-14 13:14:40 +0000},
	Date-Modified = {2014-05-14 13:14:40 +0000},
	Doi = {{10.1002/ece3.686}},
	Issn = {{2045-7758}},
	Journal = {{ECOLOGY AND EVOLUTION}},
	Month = {{SEP}},
	Number = {{9}},
	Pages = {{3030-3046}},
	Title = {{Different modes of evolution in males and females generate dichromatism in fairy-wrens (Maluridae)}},
	Unique-Id = {{ISI:000324046400021}},
	Volume = {{3}},
	Year = {{2013}},
	Bdsk-Url-1 = {http://dx.doi.org/10.1002/ece3.686%7D}}

@article{ISI:000323828500013,
	Author = {Blackburn, David C. and Siler, Cameron D. and Diesmos, Arvin C. and McGuire, Jimmy A. and Cannatella, David C. and Brown, Rafe M.},
	Date-Added = {2014-05-14 13:14:40 +0000},
	Date-Modified = {2014-05-14 13:14:40 +0000},
	Doi = {{10.1111/evo.12145}},
	Issn = {{0014-3820}},
	Journal = {{EVOLUTION}},
	Month = {{SEP}},
	Number = {{9}},
	Pages = {{2631-2646}},
	Title = {{AN ADAPTIVE RADIATION OF FROGS IN A SOUTHEAST ASIAN ISLAND ARCHIPELAGO}},
	Unique-Id = {{ISI:000323828500013}},
	Volume = {{67}},
	Year = {{2013}},
	Bdsk-Url-1 = {http://dx.doi.org/10.1111/evo.12145%7D}}

@article{ISI:000323382400014,
	Author = {Bell, Graham},
	Date-Added = {2014-05-14 13:14:40 +0000},
	Date-Modified = {2014-05-14 13:14:40 +0000},
	Doi = {{10.1111/j.1600-0706.2013.00405.x}},
	Eissn = {{1600-0706}},
	Issn = {{0030-1299}},
	Journal = {{OIKOS}},
	Month = {{SEP}},
	Number = {{9}},
	Pages = {{1380-1392}},
	Title = {{The phylogenetic interpretation of biological surveys}},
	Unique-Id = {{ISI:000323382400014}},
	Volume = {{122}},
	Year = {{2013}},
	Bdsk-Url-1 = {http://dx.doi.org/10.1111/j.1600-0706.2013.00405.x%7D}}

@article{ISI:000322874500025,
	Author = {Brandl, S. J. and Bellwood, D. R.},
	Date-Added = {2014-05-14 13:14:40 +0000},
	Date-Modified = {2014-05-14 13:14:40 +0000},
	Doi = {{10.1007/s00338-013-1042-0}},
	Eissn = {{1432-0975}},
	Issn = {{0722-4028}},
	Journal = {{CORAL REEFS}},
	Month = {{SEP}},
	Number = {{3}},
	Pages = {{835-846}},
	Title = {{Morphology, sociality, and ecology: can morphology predict pairing behavior in coral reef fishes?}},
	Unique-Id = {{ISI:000322874500025}},
	Volume = {{32}},
	Year = {{2013}},
	Bdsk-Url-1 = {http://dx.doi.org/10.1007/s00338-013-1042-0%7D}}

@article{ISI:000323622400002,
	Author = {Smith, Abigail M. and Riedi, Marc Andri and Winter, David J.},
	Date-Added = {2014-05-14 13:14:40 +0000},
	Date-Modified = {2014-05-14 13:14:40 +0000},
	Doi = {{10.1007/s00227-013-2210-z}},
	Issn = {{0025-3162}},
	Journal = {{MARINE BIOLOGY}},
	Month = {{SEP}},
	Number = {{9}},
	Pages = {{2281-2294}},
	Researcherid-Numbers = {{Smith, Abigail/F-7714-2011}},
	Title = {{Temperate reefs in a changing ocean: skeletal carbonate mineralogy of serpulids}},
	Unique-Id = {{ISI:000323622400002}},
	Volume = {{160}},
	Year = {{2013}},
	Bdsk-Url-1 = {http://dx.doi.org/10.1007/s00227-013-2210-z%7D}}

@article{ISI:000323702700002,
	Author = {Napier, Kathryn R. and McWhorter, Todd J. and Nicolson, Susan W. and Fleming, Patricia A.},
	Date-Added = {2014-05-14 13:14:40 +0000},
	Date-Modified = {2014-05-14 13:14:40 +0000},
	Doi = {{10.1086/672013}},
	Issn = {{1522-2152}},
	Journal = {{PHYSIOLOGICAL AND BIOCHEMICAL ZOOLOGY}},
	Month = {{SEP 1}},
	Number = {{5}},
	Pages = {{499-514}},
	Title = {{Sugar Preferences of Avian Nectarivores Are Correlated with Intestinal Sucrase Activity}},
	Unique-Id = {{ISI:000323702700002}},
	Volume = {{86}},
	Year = {{2013}},
	Bdsk-Url-1 = {http://dx.doi.org/10.1086/672013%7D}}

@article{ISI:000323159300009,
	Author = {Miller, E. T. and Zanne, A. E. and Ricklefs, R. E.},
	Date-Added = {2014-05-14 13:14:40 +0000},
	Date-Modified = {2014-05-14 13:14:40 +0000},
	Doi = {{10.1111/ele.12156}},
	Issn = {{1461-023X}},
	Journal = {{ECOLOGY LETTERS}},
	Month = {{SEP}},
	Number = {{9}},
	Pages = {{1186-1194}},
	Title = {{Niche conservatism constrains Australian honeyeater assemblages in stressful environments}},
	Unique-Id = {{ISI:000323159300009}},
	Volume = {{16}},
	Year = {{2013}},
	Bdsk-Url-1 = {http://dx.doi.org/10.1111/ele.12156%7D}}

@article{ISI:000323316800003,
	Author = {Outomuro, D. and Dijkstra, K. -D. B. and Johansson, F.},
	Date-Added = {2014-05-14 13:14:40 +0000},
	Date-Modified = {2014-05-14 13:14:40 +0000},
	Doi = {{10.1111/jeb.12203}},
	Issn = {{1010-061X}},
	Journal = {{JOURNAL OF EVOLUTIONARY BIOLOGY}},
	Month = {{SEP}},
	Number = {{9}},
	Pages = {{1866-1874}},
	Title = {{Habitat variation and wing coloration affect wing shape evolution in dragonflies}},
	Unique-Id = {{ISI:000323316800003}},
	Volume = {{26}},
	Year = {{2013}},
	Bdsk-Url-1 = {http://dx.doi.org/10.1111/jeb.12203%7D}}

@article{ISI:000323316800008,
	Author = {Rojas, D. and Mancina, C. A. and Flores-Martinez, J. J. and Navarro, L.},
	Date-Added = {2014-05-14 13:14:40 +0000},
	Date-Modified = {2014-05-14 13:14:40 +0000},
	Doi = {{10.1111/jeb.12190}},
	Issn = {{1010-061X}},
	Journal = {{JOURNAL OF EVOLUTIONARY BIOLOGY}},
	Month = {{SEP}},
	Number = {{9}},
	Pages = {{1925-1933}},
	Researcherid-Numbers = {{chen, zhu/K-5923-2013}},
	Title = {{Phylogenetic signal, feeding behaviour and brain volume in Neotropical bats}},
	Unique-Id = {{ISI:000323316800008}},
	Volume = {{26}},
	Year = {{2013}},
	Bdsk-Url-1 = {http://dx.doi.org/10.1111/jeb.12190%7D}}

@article{ISI:000323109800009,
	Author = {Seger, G. D. S. and Duarte, L. D. S. and Debastiani, V. J. and Kindel, A. and Jarenkow, J. A.},
	Date-Added = {2014-05-14 13:14:40 +0000},
	Date-Modified = {2014-05-14 13:14:40 +0000},
	Doi = {{10.1111/j.1438-8677.2012.00699.x}},
	Issn = {{1435-8603}},
	Journal = {{PLANT BIOLOGY}},
	Month = {{SEP}},
	Number = {{5}},
	Orcid-Numbers = {{Jarenkow, Joao Andre/0000-0003-2747-3468}},
	Pages = {{858-867}},
	Researcherid-Numbers = {{Jarenkow, Joao Andre/E-1574-2013}},
	Title = {{Discriminating the effects of phylogenetic hypothesis, tree resolution and clade age estimates on phylogenetic signal measurements}},
	Unique-Id = {{ISI:000323109800009}},
	Volume = {{15}},
	Year = {{2013}},
	Bdsk-Url-1 = {http://dx.doi.org/10.1111/j.1438-8677.2012.00699.x%7D}}

@article{ISI:000322957800031,
	Author = {Allen, William L. and Baddeley, Roland and Scott-Samuel, Nicholas E. and Cuthill, Innes C.},
	Date-Added = {2014-05-14 13:14:40 +0000},
	Date-Modified = {2014-05-14 13:14:40 +0000},
	Doi = {{10.1093/beheco/art058}},
	Issn = {{1045-2249}},
	Journal = {{BEHAVIORAL ECOLOGY}},
	Month = {{SEP-OCT}},
	Number = {{5}},
	Pages = {{1237-1250}},
	Title = {{The evolution and function of pattern diversity in snakes}},
	Unique-Id = {{ISI:000322957800031}},
	Volume = {{24}},
	Year = {{2013}},
	Bdsk-Url-1 = {http://dx.doi.org/10.1093/beheco/art058%7D}}

@article{ISI:000323103400013,
	Author = {Ossip-Klein, Alison G. and Fuentes, Jesualdo A. and Hews, Diana K. and Martins, Emilia P.},
	Date-Added = {2014-05-14 13:14:40 +0000},
	Date-Modified = {2014-05-14 13:14:40 +0000},
	Doi = {{10.1007/s00265-013-1535-4}},
	Issn = {{0340-5443}},
	Journal = {{BEHAVIORAL ECOLOGY AND SOCIOBIOLOGY}},
	Month = {{SEP}},
	Number = {{9, SI}},
	Pages = {{1513-1522}},
	Title = {{Information content is more important than sensory system or physical distance in guiding the long-term evolutionary relationships between signaling modalities in Sceloporus lizards}},
	Unique-Id = {{ISI:000323103400013}},
	Volume = {{67}},
	Year = {{2013}},
	Bdsk-Url-1 = {http://dx.doi.org/10.1007/s00265-013-1535-4%7D}}

@article{ISI:000323040200002,
	Author = {Kilbourne, Brandon M.},
	Date-Added = {2014-05-14 13:14:40 +0000},
	Date-Modified = {2014-05-14 13:14:40 +0000},
	Doi = {{10.1111/bij.12110}},
	Issn = {{0024-4066}},
	Journal = {{BIOLOGICAL JOURNAL OF THE LINNEAN SOCIETY}},
	Month = {{SEP}},
	Number = {{1}},
	Pages = {{14-31}},
	Title = {{On birds: scale effects in the neognath hindlimb and differences in the gross morphology of wings and hindlimbs}},
	Unique-Id = {{ISI:000323040200002}},
	Volume = {{110}},
	Year = {{2013}},
	Bdsk-Url-1 = {http://dx.doi.org/10.1111/bij.12110%7D}}

@article{ISI:000323040200007,
	Author = {Fabre, Anne-Claire and Cornette, Raphael and Peigne, Stephane and Goswami, Anjali},
	Date-Added = {2014-05-14 13:14:40 +0000},
	Date-Modified = {2014-05-14 13:14:40 +0000},
	Doi = {{10.1111/bij.12103}},
	Issn = {{0024-4066}},
	Journal = {{BIOLOGICAL JOURNAL OF THE LINNEAN SOCIETY}},
	Month = {{SEP}},
	Number = {{1}},
	Pages = {{91-103}},
	Title = {{Influence of body mass on the shape of forelimb in musteloid carnivorans}},
	Unique-Id = {{ISI:000323040200007}},
	Volume = {{110}},
	Year = {{2013}},
	Bdsk-Url-1 = {http://dx.doi.org/10.1111/bij.12103%7D}}

@article{ISI:000322919600001,
	Author = {Boyles, Justin G. and Thompson, Amy B. and McKechnie, Andrew E. and Malan, Ezit and Humphries, Murray M. and Careau, Vincent},
	Date-Added = {2014-05-14 13:14:40 +0000},
	Date-Modified = {2014-05-14 13:14:40 +0000},
	Doi = {{10.1111/geb.12077}},
	Issn = {{1466-822X}},
	Journal = {{GLOBAL ECOLOGY AND BIOGEOGRAPHY}},
	Month = {{SEP}},
	Number = {{9}},
	Pages = {{1029-1039}},
	Researcherid-Numbers = {{Careau, Vincent/A-9778-2008 Boyles, Justin/A-5152-2010}},
	Title = {{A global heterothermic continuum in mammals}},
	Unique-Id = {{ISI:000322919600001}},
	Volume = {{22}},
	Year = {{2013}},
	Bdsk-Url-1 = {http://dx.doi.org/10.1111/geb.12077%7D}}

@article{ISI:000322981900005,
	Author = {Hodge, Jennifer R. and Read, Charmaine I. and Bellwood, David R. and van Herwerden, Lynne},
	Date-Added = {2014-05-14 13:14:40 +0000},
	Date-Modified = {2014-05-14 13:14:40 +0000},
	Doi = {{10.1111/jbi.12124}},
	Issn = {{0305-0270}},
	Journal = {{JOURNAL OF BIOGEOGRAPHY}},
	Month = {{SEP}},
	Number = {{9}},
	Pages = {{1676-1687}},
	Title = {{Evolution of sympatric species: a case study of the coral reef fish genus Pomacanthus (Pomacanthidae)}},
	Unique-Id = {{ISI:000322981900005}},
	Volume = {{40}},
	Year = {{2013}},
	Bdsk-Url-1 = {http://dx.doi.org/10.1111/jbi.12124%7D}}

@article{ISI:000322628400010,
	Author = {Bernard-Verdier, Maud and Flores, Olivier and Navas, Marie-Laure and Garnier, Eric},
	Date-Added = {2014-05-14 13:14:40 +0000},
	Date-Modified = {2014-05-14 13:14:40 +0000},
	Doi = {{10.1111/jvs.12048}},
	Issn = {{1100-9233}},
	Journal = {{JOURNAL OF VEGETATION SCIENCE}},
	Month = {{SEP}},
	Number = {{5}},
	Pages = {{877-889}},
	Researcherid-Numbers = {{Garnier, Eric/D-1650-2012}},
	Title = {{Partitioning phylogenetic and functional diversity into alpha and beta components along an environmental gradient in a Mediterranean rangeland}},
	Unique-Id = {{ISI:000322628400010}},
	Volume = {{24}},
	Year = {{2013}},
	Bdsk-Url-1 = {http://dx.doi.org/10.1111/jvs.12048%7D}}

@article{ISI:000321316000015,
	Author = {Grivet, Delphine and Climent, Jose and Zabal-Aguirre, Mario and Neale, David B. and Vendramin, Giovanni G. and Gonzalez-Martinez, Santiago C.},
	Date-Added = {2014-05-14 13:14:40 +0000},
	Date-Modified = {2014-05-14 13:14:40 +0000},
	Doi = {{10.1016/j.ympev.2013.03.032}},
	Issn = {{1055-7903}},
	Journal = {{MOLECULAR PHYLOGENETICS AND EVOLUTION}},
	Month = {{SEP}},
	Number = {{3}},
	Orcid-Numbers = {{Climent, Jose/0000-0002-0815-2645}},
	Pages = {{555-566}},
	Researcherid-Numbers = {{Grivet, Delphine/G-9708-2012 Climent, Jose/B-9090-2009}},
	Title = {{Adaptive evolution of Mediterranean pines}},
	Unique-Id = {{ISI:000321316000015}},
	Volume = {{68}},
	Year = {{2013}},
	Bdsk-Url-1 = {http://dx.doi.org/10.1016/j.ympev.2013.03.032%7D}}

@article{ISI:000324470100122,
	Article-Number = {{e72862}},
	Author = {Werner, Jan and Griebeler, Eva Maria},
	Date-Added = {2014-05-14 13:14:40 +0000},
	Date-Modified = {2014-05-14 13:14:40 +0000},
	Doi = {{10.1371/journal.pone.0072862}},
	Issn = {{1932-6203}},
	Journal = {{PLOS ONE}},
	Month = {{AUG 21}},
	Number = {{8}},
	Title = {{New Insights into Non-Avian Dinosaur Reproduction and Their Evolutionary and Ecological Implications: Linking Fossil Evidence to Allometries of Extant Close Relatives}},
	Unique-Id = {{ISI:000324470100122}},
	Volume = {{8}},
	Year = {{2013}},
	Bdsk-Url-1 = {http://dx.doi.org/10.1371/journal.pone.0072862%7D}}

@article{ISI:000320649400010,
	Article-Number = {{20130976}},
	Author = {Romeralo, Maria and Skiba, Anna and Gonzalez-Voyer, Alejandro and Schilde, Christina and Lawal, Hajara and Kedziora, Sylwia and Cavender, Jim C. and Gloeckner, Gernot and Urushihara, Hideko and Schaap, Pauline},
	Date-Added = {2014-05-14 13:14:40 +0000},
	Date-Modified = {2014-05-14 13:14:40 +0000},
	Doi = {{10.1098/rspb.2013.0976}},
	Issn = {{0962-8452}},
	Journal = {{PROCEEDINGS OF THE ROYAL SOCIETY B-BIOLOGICAL SCIENCES}},
	Month = {{AUG 7}},
	Number = {{1764}},
	Orcid-Numbers = {{CSIC, EBD Donana/0000-0003-4318-6602 Glockner, Gernot/0000-0002-9061-1061}},
	Researcherid-Numbers = {{CSIC, EBD Donana/C-4157-2011 Glockner, Gernot/A-7800-2010}},
	Title = {{Analysis of phenotypic evolution in Dictyostelia highlights developmental plasticity as a likely consequence of colonial multicellularity}},
	Unique-Id = {{ISI:000320649400010}},
	Volume = {{280}},
	Year = {{2013}},
	Bdsk-Url-1 = {http://dx.doi.org/10.1098/rspb.2013.0976%7D}}

@article{ISI:000322586700047,
	Author = {Lukas, D. and Clutton-Brock, T. H.},
	Date-Added = {2014-05-14 13:14:40 +0000},
	Date-Modified = {2014-05-14 13:14:40 +0000},
	Doi = {{10.1126/science.1238677}},
	Issn = {{0036-8075}},
	Journal = {{SCIENCE}},
	Month = {{AUG 2}},
	Number = {{6145}},
	Pages = {{526-530}},
	Title = {{The Evolution of Social Monogamy in Mammals}},
	Unique-Id = {{ISI:000322586700047}},
	Volume = {{341}},
	Year = {{2013}},
	Bdsk-Url-1 = {http://dx.doi.org/10.1126/science.1238677%7D}}

@article{ISI:000329303900007,
	Author = {Schwinning, Susanne and Kelly, Colleen K.},
	Date-Added = {2014-05-14 13:14:40 +0000},
	Date-Modified = {2014-05-14 13:14:40 +0000},
	Doi = {{10.1111/1365-2435.12115}},
	Eissn = {{1365-2435}},
	Issn = {{0269-8463}},
	Journal = {{FUNCTIONAL ECOLOGY}},
	Month = {{AUG}},
	Number = {{4, SI}},
	Pages = {{886-897}},
	Title = {{Plant competition, temporal niches and implications for productivity and adaptability to climate change in water-limited environments}},
	Unique-Id = {{ISI:000329303900007}},
	Volume = {{27}},
	Year = {{2013}},
	Bdsk-Url-1 = {http://dx.doi.org/10.1111/1365-2435.12115%7D}}

@article{ISI:000328956800010,
	Author = {Reece, Joshua S. and Mehta, Rita S.},
	Date-Added = {2014-05-14 13:14:40 +0000},
	Date-Modified = {2014-05-14 13:14:40 +0000},
	Doi = {{10.1111/bij.12098}},
	Eissn = {{1095-8312}},
	Issn = {{0024-4066}},
	Journal = {{BIOLOGICAL JOURNAL OF THE LINNEAN SOCIETY}},
	Month = {{AUG}},
	Number = {{4}},
	Pages = {{861-875}},
	Title = {{Evolutionary history of elongation and maximum body length in moray eels (Anguilliformes: Muraenidae)}},
	Unique-Id = {{ISI:000328956800010}},
	Volume = {{109}},
	Year = {{2013}},
	Bdsk-Url-1 = {http://dx.doi.org/10.1111/bij.12098%7D}}

@article{ISI:000328709600003,
	Author = {Smith, Heather F. and Parker, William and Kotze, Sanet H. and Laurin, Michel},
	Date-Added = {2014-05-14 13:14:40 +0000},
	Date-Modified = {2014-05-14 13:14:40 +0000},
	Doi = {{10.1016/j.crpv.2012.12.001}},
	Eissn = {{1777-571X}},
	Issn = {{1631-0683}},
	Journal = {{COMPTES RENDUS PALEVOL}},
	Month = {{AUG-SEP}},
	Number = {{6}},
	Orcid-Numbers = {{Laurin, Michel/0000-0003-2974-9835}},
	Pages = {{339-354}},
	Researcherid-Numbers = {{Laurin, Michel/B-7884-2008}},
	Title = {{Multiple independent appearances of the cecal appendix in mammalian evolution and an investigation of related ecological and anatomical factors}},
	Unique-Id = {{ISI:000328709600003}},
	Volume = {{12}},
	Year = {{2013}},
	Bdsk-Url-1 = {http://dx.doi.org/10.1016/j.crpv.2012.12.001%7D}}

@article{ISI:000322329500009,
	Author = {Hearn, David J.},
	Date-Added = {2014-05-14 13:14:40 +0000},
	Date-Modified = {2014-05-14 13:14:40 +0000},
	Doi = {{10.1111/evo.12120}},
	Eissn = {{1558-5646}},
	Issn = {{0014-3820}},
	Journal = {{EVOLUTION}},
	Month = {{AUG}},
	Number = {{8}},
	Pages = {{2273-2283}},
	Title = {{DISSECTION OF EVOLUTIONARY NETWORKS TO ASSESS THEIR ROLE IN THE EVOLUTION OF ROBUSTNESS, FUNCTION, AND DIVERSIFICATION}},
	Unique-Id = {{ISI:000322329500009}},
	Volume = {{67}},
	Year = {{2013}},
	Bdsk-Url-1 = {http://dx.doi.org/10.1111/evo.12120%7D}}

@article{ISI:000329323900078,
	Article-Number = {{e84308}},
	Author = {Dillon, Michael E. and Frazier, Melanie R.},
	Doi = {{10.1371/journal.pone.0084308}},
	Issn = {{1932-6203}},
	Journal = {{PLOS ONE}},
	Month = {{DEC 31}},
	Number = {{12}},
	Title = {{Thermodynamics Constrains Allometric Scaling of Optimal Development Time in Insects}},
	Unique-Id = {{ISI:000329323900078}},
	Volume = {{8}},
	Year = {{2013}},
	Bdsk-Url-1 = {http://dx.doi.org/10.1371/journal.pone.0084308%7D}}

@article{ISI:000330216200013,
	Author = {Soares, Bruno Eleres and Begot Ruffeil, Tiago Octavio and de Assis Montag, Luciano Fogaca},
	Issn = {{1679-6225}},
	Journal = {{NEOTROPICAL ICHTHYOLOGY}},
	Month = {{DEC 27}},
	Number = {{4}},
	Pages = {{845-858}},
	Title = {{Ecomorphological patterns of the fishes inhabiting the tide pools of the Amazonian Coastal Zone, Brazil}},
	Unique-Id = {{ISI:000330216200013}},
	Volume = {{11}},
	Year = {{2013}}}

@article{ISI:000332242100001,
	Article-Number = {{219}},
	Author = {Dyer, Robert J. and Pellicer, Jaume and Savolainen, Vincent and Leitch, Ilia J. and Schneider, Harald},
	Doi = {{10.1186/1471-2229-13-219}},
	Issn = {{1471-2229}},
	Journal = {{BMC PLANT BIOLOGY}},
	Month = {{DEC 20}},
	Title = {{Genome size expansion and the relationship between nuclear DNA content and spore size in the Asplenium monanthes fern complex (Aspleniaceae)}},
	Unique-Id = {{ISI:000332242100001}},
	Volume = {{13}},
	Year = {{2013}},
	Bdsk-Url-1 = {http://dx.doi.org/10.1186/1471-2229-13-219%7D}}

@article{ISI:000330325400020,
	Article-Number = {{20132280}},
	Author = {Okamoto, Tomoko and Kawakita, Atsushi and Goto, Ryutaro and Svensson, Glenn P. and Kato, Makoto},
	Doi = {{10.1098/rspb.2013.2280}},
	Eissn = {{1471-2954}},
	Issn = {{0962-8452}},
	Journal = {{PROCEEDINGS OF THE ROYAL SOCIETY B-BIOLOGICAL SCIENCES}},
	Month = {{DEC 7}},
	Number = {{1772}},
	Title = {{Active pollination favours sexual dimorphism in floral scent}},
	Unique-Id = {{ISI:000330325400020}},
	Volume = {{280}},
	Year = {{2013}},
	Bdsk-Url-1 = {http://dx.doi.org/10.1098/rspb.2013.2280%7D}}

@article{ISI:000329963600001,
	Article-Number = {{265}},
	Author = {Maxwell, Erin E. and Wilson, Laura A. B.},
	Doi = {{10.1186/1471-2148-13-265}},
	Issn = {{1471-2148}},
	Journal = {{BMC EVOLUTIONARY BIOLOGY}},
	Month = {{DEC 5}},
	Researcherid-Numbers = {{Wilson, Laura/A-4881-2012}},
	Title = {{Regionalization of the axial skeleton in the `ambush predator' guild - are there developmental rules underlying body shape evolution in ray-finned fishes?}},
	Unique-Id = {{ISI:000329963600001}},
	Volume = {{13}},
	Year = {{2013}},
	Bdsk-Url-1 = {http://dx.doi.org/10.1186/1471-2148-13-265%7D}}

@article{ISI:000328785400001,
	Article-Number = {{347}},
	Author = {Lacerda, Miguel and Moore, Penny L. and Ngandu, Nobubelo K. and Seaman, Michael and Gray, Elin S. and Murrell, Ben and Krishnamoorthy, Mohan and Nonyane, Molati and Madiga, Maphuti and Wibmer, Constantinos Kurt and Sheward, Daniel and Bailer, Robert T. and Gao, Hongmei and Greene, Kelli M. and Karim, Salim S. Abdool and Mascola, John R. and Korber, Bette T. M. and Montefiori, David C. and Morris, Lynn and Williamson, Carolyn and Seoighe, Cathal and CAVD-NSDP Consortium},
	Doi = {{10.1186/1743-422X-10-347}},
	Issn = {{1743-422X}},
	Journal = {{VIROLOGY JOURNAL}},
	Month = {{DEC 2}},
	Orcid-Numbers = {{Abdool Karim, Salim Safurdeen/0000-0002-4986-2133}},
	Researcherid-Numbers = {{Abdool Karim, Salim Safurdeen/N-5947-2013}},
	Title = {{Identification of broadly neutralizing antibody epitopes in the HIV-1 envelope glycoprotein using evolutionary models}},
	Unique-Id = {{ISI:000328785400001}},
	Volume = {{10}},
	Year = {{2013}},
	Bdsk-Url-1 = {http://dx.doi.org/10.1186/1743-422X-10-347%7D}}

@article{ISI:000328462600002,
	Article-Number = {{263}},
	Author = {Lecocq, Thomas and Dellicour, Simon and Michez, Denis and Lhomme, Patrick and Vanderplanck, Maryse and Valterova, Irena and Rasplus, Jean-Yves and Rasmont, Pierre},
	Doi = {{10.1186/1471-2148-13-263}},
	Issn = {{1471-2148}},
	Journal = {{BMC EVOLUTIONARY BIOLOGY}},
	Month = {{DEC 2}},
	Title = {{Scent of a break-up: phylogeography and reproductive trait divergences in the red-tailed bumblebee (Bombus lapidarius)}},
	Unique-Id = {{ISI:000328462600002}},
	Volume = {{13}},
	Year = {{2013}},
	Bdsk-Url-1 = {http://dx.doi.org/10.1186/1471-2148-13-263%7D}}

@article{ISI:000332286400008,
	Author = {Manuel Jimenez-Arenas, Juan},
	Eissn = {{0717-9367}},
	Issn = {{0717-9502}},
	Journal = {{INTERNATIONAL JOURNAL OF MORPHOLOGY}},
	Month = {{DEC}},
	Number = {{4}},
	Pages = {{1191-1197}},
	Title = {{Tooth size and metabolic requirements in Primates: The `equivalence between exponents' under discussion}},
	Unique-Id = {{ISI:000332286400008}},
	Volume = {{31}},
	Year = {{2013}}}

@article{ISI:000330181100002,
	Author = {Gordon, Adam D. and Marcus, Emily and Wood, Bernard},
	Doi = {{10.1002/ajpa.22391}},
	Eissn = {{1096-8644}},
	Issn = {{0002-9483}},
	Journal = {{AMERICAN JOURNAL OF PHYSICAL ANTHROPOLOGY}},
	Month = {{DEC}},
	Number = {{57}},
	Pages = {{2-32}},
	Title = {{Great Ape Skeletal Collections: Making the Most of Scarce and Irreplaceable Resources in the Digital Age}},
	Unique-Id = {{ISI:000330181100002}},
	Volume = {{152}},
	Year = {{2013}},
	Bdsk-Url-1 = {http://dx.doi.org/10.1002/ajpa.22391%7D}}

@article{ISI:000330183200016,
	Author = {Alvarez, Alicia and Ivan Perez, S. and Verzi, Diego H.},
	Doi = {{10.1111/bij.12164}},
	Eissn = {{1095-8312}},
	Issn = {{0024-4066}},
	Journal = {{BIOLOGICAL JOURNAL OF THE LINNEAN SOCIETY}},
	Month = {{DEC}},
	Number = {{4}},
	Pages = {{898-913}},
	Title = {{Ecological and phylogenetic dimensions of cranial shape diversification in South American caviomorph rodents (Rodentia: Hystricomorpha)}},
	Unique-Id = {{ISI:000330183200016}},
	Volume = {{110}},
	Year = {{2013}},
	Bdsk-Url-1 = {http://dx.doi.org/10.1111/bij.12164%7D}}

@article{ISI:000330183200017,
	Author = {Grand, Anais and Corvez, Adele and Velez, Lina Maria Duque and Laurin, Michel},
	Doi = {{10.1111/bij.12159}},
	Eissn = {{1095-8312}},
	Issn = {{0024-4066}},
	Journal = {{BIOLOGICAL JOURNAL OF THE LINNEAN SOCIETY}},
	Month = {{DEC}},
	Number = {{4}},
	Pages = {{914-930}},
	Title = {{Phylogenetic inference using discrete characters: performance of ordered and unordered parsimony and of three-item statements}},
	Unique-Id = {{ISI:000330183200017}},
	Volume = {{110}},
	Year = {{2013}},
	Bdsk-Url-1 = {http://dx.doi.org/10.1111/bij.12159%7D}}

@article{ISI:000329778600010,
	Author = {Jucker, Tommaso and Carboni, Marta and Acosta, Alicia T. R.},
	Doi = {{10.1111/ddi.12124}},
	Eissn = {{1472-4642}},
	Issn = {{1366-9516}},
	Journal = {{DIVERSITY AND DISTRIBUTIONS}},
	Month = {{DEC}},
	Number = {{12}},
	Pages = {{1566-1577}},
	Researcherid-Numbers = {{Acosta, Alicia/E-3653-2012}},
	Title = {{Going beyond taxonomic diversity: deconstructing biodiversity patterns reveals the true cost of iceplant invasion}},
	Unique-Id = {{ISI:000329778600010}},
	Volume = {{19}},
	Year = {{2013}},
	Bdsk-Url-1 = {http://dx.doi.org/10.1111/ddi.12124%7D}}

@article{ISI:000330043600002,
	Author = {Davidson, Carlos and Williamson, Craig E. and Vincent, Kim and Simonich, Staci Massey and Yip, Kerri Stanley and Hero, Jean-Marc and Kriger, Kerry M.},
	Eissn = {{1931-7603}},
	Issn = {{2151-0733}},
	Journal = {{HERPETOLOGICAL CONSERVATION AND BIOLOGY}},
	Month = {{DEC}},
	Number = {{3}},
	Pages = {{503-518}},
	Title = {{ANURAN POPULATION DECLINES OCCUR ON AN ELEVATIONAL GRADIENT IN THE WESTERN HEMISPHERE}},
	Unique-Id = {{ISI:000330043600002}},
	Volume = {{8}},
	Year = {{2013}}}

@article{ISI:000329396200006,
	Article-Number = {{2888}},
	Author = {Almecija, Sergio and Tallman, Melissa and Alba, David M. and Pina, Marta and Moya-Sola, Salvador and Jungers, William L.},
	Doi = {{10.1038/ncomms3888}},
	Issn = {{2041-1723}},
	Journal = {{NATURE COMMUNICATIONS}},
	Month = {{DEC}},
	Title = {{The femur of Orrorin tugenensis exhibits morphometric affinities with both Miocene apes and later hominins}},
	Unique-Id = {{ISI:000329396200006}},
	Volume = {{4}},
	Year = {{2013}},
	Bdsk-Url-1 = {http://dx.doi.org/10.1038/ncomms3888%7D}}

@article{ISI:000328928300019,
	Author = {Pearse, William D. and Jones, F. Andrew and Purvis, Andy},
	Doi = {{10.1890/12-1676.1}},
	Eissn = {{1939-9170}},
	Issn = {{0012-9658}},
	Journal = {{ECOLOGY}},
	Month = {{DEC}},
	Number = {{12}},
	Orcid-Numbers = {{Purvis, Andy/0000-0002-8609-6204}},
	Pages = {{2861-2872}},
	Researcherid-Numbers = {{Purvis, Andy/A-7529-2008}},
	Title = {{Barro Colorado Island's phylogenetic assemblage structure across fine spatial scales and among clades of different ages}},
	Unique-Id = {{ISI:000328928300019}},
	Volume = {{94}},
	Year = {{2013}},
	Bdsk-Url-1 = {http://dx.doi.org/10.1890/12-1676.1%7D}}

@article{ISI:000328293500002,
	Author = {Billet, G. and Germain, D. and Ruf, I. and de Muizon, C. and Hautier, L.},
	Doi = {{10.1111/joa.12114}},
	Eissn = {{1469-7580}},
	Issn = {{0021-8782}},
	Journal = {{JOURNAL OF ANATOMY}},
	Month = {{DEC}},
	Number = {{6}},
	Pages = {{557-567}},
	Title = {{The inner ear of Megatherium and the evolution of the vestibular system in sloths}},
	Unique-Id = {{ISI:000328293500002}},
	Volume = {{223}},
	Year = {{2013}},
	Bdsk-Url-1 = {http://dx.doi.org/10.1111/joa.12114%7D}}

@article{ISI:000328314500001,
	Author = {Seligmann, Herve and Labra, Antonieta},
	Doi = {{10.1016/j.biosystems.2013.09.002}},
	Eissn = {{1872-8324}},
	Issn = {{0303-2647}},
	Journal = {{BIOSYSTEMS}},
	Month = {{DEC}},
	Number = {{3}},
	Pages = {{155-163}},
	Title = {{Tetracoding increases with body temperature in Lepidosauria}},
	Unique-Id = {{ISI:000328314500001}},
	Volume = {{114}},
	Year = {{2013}},
	Bdsk-Url-1 = {http://dx.doi.org/10.1016/j.biosystems.2013.09.002%7D}}

@article{ISI:000328200600009,
	Author = {Yoshizawa, Kazunori and Johnson, Kevin P.},
	Doi = {{10.1007/s10709-013-9748-z}},
	Eissn = {{1573-6857}},
	Issn = {{0016-6707}},
	Journal = {{GENETICA}},
	Month = {{DEC}},
	Number = {{10-12}},
	Pages = {{491-499}},
	Title = {{Changes in base composition bias of nuclear and mitochondrial genes in lice (Insecta: Psocodea)}},
	Unique-Id = {{ISI:000328200600009}},
	Volume = {{141}},
	Year = {{2013}},
	Bdsk-Url-1 = {http://dx.doi.org/10.1007/s10709-013-9748-z%7D}}

@article{ISI:000328313400005,
	Author = {Alvarez, Alicia and Ercoli, Marcos D. and Prevosti, Francisco J.},
	Doi = {{10.1016/j.zool.2013.08.007}},
	Issn = {{0944-2006}},
	Journal = {{ZOOLOGY}},
	Month = {{DEC}},
	Number = {{6}},
	Pages = {{356-371}},
	Title = {{Locomotion in some small to medium-sized mammals: a geometric morphometric analysis of the penultimate lumbar vertebra, pelvis and hindlimbs}},
	Unique-Id = {{ISI:000328313400005}},
	Volume = {{116}},
	Year = {{2013}},
	Bdsk-Url-1 = {http://dx.doi.org/10.1016/j.zool.2013.08.007%7D}}

@article{ISI:000327717100006,
	Author = {Tosh, J. and Dessein, S. and Buerki, S. and Groeninckx, I. and Mouly, A. and Bremer, B. and Smets, E. F. and De Block, P.},
	Doi = {{10.1093/aob/mct222}},
	Eissn = {{1095-8290}},
	Issn = {{0305-7364}},
	Journal = {{ANNALS OF BOTANY}},
	Month = {{DEC}},
	Number = {{9}},
	Pages = {{1723-1742}},
	Researcherid-Numbers = {{Buerki, Sven/F-6008-2012 Smets, Erik/A-9875-2011}},
	Title = {{Evolutionary history of the Afro-Madagascan Ixora species (Rubiaceae): species diversification and distribution of key morphological traits inferred from dated molecular phylogenetic trees}},
	Unique-Id = {{ISI:000327717100006}},
	Volume = {{112}},
	Year = {{2013}},
	Bdsk-Url-1 = {http://dx.doi.org/10.1093/aob/mct222%7D}}

@article{ISI:000327572400026,
	Author = {Finarelli, John A. and Goswami, Anjali},
	Doi = {{10.1111/evo.12222}},
	Eissn = {{1558-5646}},
	Issn = {{0014-3820}},
	Journal = {{EVOLUTION}},
	Month = {{DEC}},
	Number = {{12}},
	Pages = {{3678-3685}},
	Title = {{POTENTIAL PITFALLS OF RECONSTRUCTING DEEP TIME EVOLUTIONARY HISTORY WITH ONLY EXTANT DATA, A CASE STUDY USING THE CANIDAE (MAMMALIA, CARNIVORA)}},
	Unique-Id = {{ISI:000327572400026}},
	Volume = {{67}},
	Year = {{2013}},
	Bdsk-Url-1 = {http://dx.doi.org/10.1111/evo.12222%7D}}

@article{ISI:000327997900003,
	Author = {Guenard, Guillaume and Legendre, Pierre and Peres-Neto, Pedro},
	Doi = {{10.1111/2041-210X.12111}},
	Eissn = {{2041-2096}},
	Issn = {{2041-210X}},
	Journal = {{METHODS IN ECOLOGY AND EVOLUTION}},
	Month = {{DEC}},
	Number = {{12}},
	Pages = {{1120-1131}},
	Title = {{Phylogenetic eigenvector maps: a framework to model and predict species traits}},
	Unique-Id = {{ISI:000327997900003}},
	Volume = {{4}},
	Year = {{2013}},
	Bdsk-Url-1 = {http://dx.doi.org/10.1111/2041-210X.12111%7D}}

@article{ISI:000326907300009,
	Author = {Kostikova, Anna and Litsios, Glenn and Salamin, Nicolas and Pearman, Peter B.},
	Doi = {{10.1086/673527}},
	Eissn = {{1537-5323}},
	Issn = {{0003-0147}},
	Journal = {{AMERICAN NATURALIST}},
	Month = {{DEC 1}},
	Number = {{6}},
	Pages = {{760-774}},
	Title = {{Linking Life-History Traits, Ecology, and Niche Breadth Evolution in North American Eriogonoids (Polygonaceae)}},
	Unique-Id = {{ISI:000326907300009}},
	Volume = {{182}},
	Year = {{2013}},
	Bdsk-Url-1 = {http://dx.doi.org/10.1086/673527%7D}}

@article{ISI:000326417600039,
	Author = {Lutz, Holly L. and Weckstein, Jason D. and Patane, Jose S. L. and Bates, John M. and Aleixo, Alexandre},
	Doi = {{10.1016/j.ympev.2013.06.017}},
	Eissn = {{1095-9513}},
	Issn = {{1055-7903}},
	Journal = {{MOLECULAR PHYLOGENETICS AND EVOLUTION}},
	Month = {{DEC}},
	Number = {{3}},
	Pages = {{873-883}},
	Title = {{Biogeography and spatio-temporal diversification of Selenidera and Andigena Toucans (Aves: Ramphastidae)}},
	Unique-Id = {{ISI:000326417600039}},
	Volume = {{69}},
	Year = {{2013}},
	Bdsk-Url-1 = {http://dx.doi.org/10.1016/j.ympev.2013.06.017%7D}}

@article{ISI:000313398900010,
	Author = {Soul, Laura C. and Benson, Roger B. J. and Weisbecker, Vera},
	Doi = {{10.1666/0094-8373-39.1.149}},
	Issn = {{0094-8373}},
	Journal = {{PALEOBIOLOGY}},
	Month = {{WIN}},
	Number = {{1}},
	Pages = {{149-162}},
	Title = {{Multiple regression modeling for estimating endocranial volume in extinct Mammalia}},
	Unique-Id = {{ISI:000313398900010}},
	Volume = {{39}},
	Year = {{2013}},
	Bdsk-Url-1 = {http://dx.doi.org/10.1666/0094-8373-39.1.149%7D}}

@article{ISI:000327534600001,
	Article-Number = {{3346}},
	Author = {Jove, Mariona and Naudi, Alba and Carlos Aledo, Juan and Cabre, Rosanna and Ayala, Victoria and Portero-Otin, Manuel and Barja, Gustavo and Pamplona, Reinald},
	Doi = {{10.1038/srep03346}},
	Issn = {{2045-2322}},
	Journal = {{SCIENTIFIC REPORTS}},
	Month = {{NOV 28}},
	Orcid-Numbers = {{Portero-Otin, Manuel/0000-0002-1823-0299}},
	Researcherid-Numbers = {{Pamplona, Reinald/A-7359-2010 Portero-Otin, Manuel/B-7122-2009}},
	Title = {{Plasma long-chain free fatty acids predict mammalian longevity}},
	Unique-Id = {{ISI:000327534600001}},
	Volume = {{3}},
	Year = {{2013}},
	Bdsk-Url-1 = {http://dx.doi.org/10.1038/srep03346%7D}}

@article{ISI:000328460700001,
	Article-Number = {{249}},
	Author = {Hillung, Julia and Elena, Santiago F. and Cuevas, Jose M.},
	Doi = {{10.1186/1471-2148-13-249}},
	Issn = {{1471-2148}},
	Journal = {{BMC EVOLUTIONARY BIOLOGY}},
	Month = {{NOV 13}},
	Title = {{Intra-specific variability and biological relevance of P3N-PIPO protein length in potyviruses}},
	Unique-Id = {{ISI:000328460700001}},
	Volume = {{13}},
	Year = {{2013}},
	Bdsk-Url-1 = {http://dx.doi.org/10.1186/1471-2148-13-249%7D}}

@article{ISI:000329522500001,
	Author = {Liao, Wen Bo and Zeng, Yu and Yang, Jian Dong},
	Doi = {{10.1186/1742-9994-10-65}},
	Issn = {{1742-9994}},
	Journal = {{FRONTIERS IN ZOOLOGY}},
	Month = {{NOV 7}},
	Title = {{Sexual size dimorphism in anurans: roles of mating system and habitat types}},
	Unique-Id = {{ISI:000329522500001}},
	Volume = {{10}},
	Year = {{2013}},
	Bdsk-Url-1 = {http://dx.doi.org/10.1186/1742-9994-10-65%7D}}

@article{ISI:000330019600004,
	Author = {Fleming, Patricia A. and Valentine, Leonie E. and Bateman, Philip W.},
	Doi = {{10.1086/673864}},
	Eissn = {{1537-5293}},
	Issn = {{1522-2152}},
	Journal = {{PHYSIOLOGICAL AND BIOCHEMICAL ZOOLOGY}},
	Month = {{NOV 1}},
	Number = {{6}},
	Pages = {{645-658}},
	Title = {{Telling Tails: Selective Pressures Acting on Investment in Lizard Tails}},
	Unique-Id = {{ISI:000330019600004}},
	Volume = {{86}},
	Year = {{2013}},
	Bdsk-Url-1 = {http://dx.doi.org/10.1086/673864%7D}}

@article{ISI:000330019600006,
	Author = {McElroy, Eric J. and Bergmann, Philip J.},
	Doi = {{10.1086/673890}},
	Eissn = {{1537-5293}},
	Issn = {{1522-2152}},
	Journal = {{PHYSIOLOGICAL AND BIOCHEMICAL ZOOLOGY}},
	Month = {{NOV 1}},
	Number = {{6}},
	Pages = {{669-679}},
	Title = {{Tail Autotomy, Tail Size, and Locomotor Performance in Lizards}},
	Unique-Id = {{ISI:000330019600006}},
	Volume = {{86}},
	Year = {{2013}},
	Bdsk-Url-1 = {http://dx.doi.org/10.1086/673890%7D}}

@article{ISI:000330019600011,
	Author = {Dhillon, Rashpal S. and Yao, Lili and Matey, Victoria and Chen, Bo-Jian and Zhang, An-Jie and Cao, Zhen-Dong and Fu, Shi-Jian and Brauner, Colin J. and Wang, Yuxiang S. and Richards, Jeffrey G.},
	Doi = {{10.1086/673180}},
	Eissn = {{1537-5293}},
	Issn = {{1522-2152}},
	Journal = {{PHYSIOLOGICAL AND BIOCHEMICAL ZOOLOGY}},
	Month = {{NOV 1}},
	Number = {{6}},
	Pages = {{727-739}},
	Title = {{Interspecific Differences in Hypoxia-Induced Gill Remodeling in Carp}},
	Unique-Id = {{ISI:000330019600011}},
	Volume = {{86}},
	Year = {{2013}},
	Bdsk-Url-1 = {http://dx.doi.org/10.1086/673180%7D}}

@article{ISI:000328023900003,
	Article-Number = {{2765}},
	Author = {Santana, Sharlene E. and Alfaro, Jessica Lynch and Noonan, Andrew and Alfaro, Michael E.},
	Doi = {{10.1038/ncomms3765}},
	Issn = {{2041-1723}},
	Journal = {{NATURE COMMUNICATIONS}},
	Month = {{NOV}},
	Title = {{Adaptive response to sociality and ecology drives the diversification of facial colour patterns in catarrhines}},
	Unique-Id = {{ISI:000328023900003}},
	Volume = {{4}},
	Year = {{2013}},
	Bdsk-Url-1 = {http://dx.doi.org/10.1038/ncomms3765%7D}}

@article{ISI:000327806600010,
	Author = {Fattorini, Simone and Lo Monaco, Roberto and Di Giulio, Andrea and Ulrich, Werner},
	Doi = {{10.1016/j.actao.2013.09.006}},
	Eissn = {{1873-6238}},
	Issn = {{1146-609X}},
	Journal = {{ACTA OECOLOGICA-INTERNATIONAL JOURNAL OF ECOLOGY}},
	Month = {{NOV}},
	Pages = {{88-94}},
	Title = {{Latitudinal trends in body length distributions of European darkling beetles (Tenebrionidae)}},
	Unique-Id = {{ISI:000327806600010}},
	Volume = {{53}},
	Year = {{2013}},
	Bdsk-Url-1 = {http://dx.doi.org/10.1016/j.actao.2013.09.006%7D}}

@article{ISI:000327474100006,
	Author = {Borges, Vitor Souza and Pires, Renan Conde and Linares, Antonio Meira and Eterovick, Paula Cabral},
	Doi = {{10.1080/00222933.2013.802048}},
	Eissn = {{1464-5262}},
	Issn = {{0022-2933}},
	Journal = {{JOURNAL OF NATURAL HISTORY}},
	Month = {{NOV 1}},
	Number = {{43-44}},
	Pages = {{2785-2794}},
	Title = {{Diet of Enyalius bilineatus (Leiosauridae: Squamata) at a site in southeastern Brazil: effects of phylogeny and prey availability}},
	Unique-Id = {{ISI:000327474100006}},
	Volume = {{47}},
	Year = {{2013}},
	Bdsk-Url-1 = {http://dx.doi.org/10.1080/00222933.2013.802048%7D}}

@article{ISI:000326965500011,
	Author = {Maiorino, Leonardo and Farke, Andrew A. and Piras, Paolo and Ryan, Michael J. and Terris, Kevin M. and Kotsakis, Tassos},
	Doi = {{10.1080/02724634.2013.779922}},
	Eissn = {{1937-2809}},
	Issn = {{0272-4634}},
	Journal = {{JOURNAL OF VERTEBRATE PALEONTOLOGY}},
	Month = {{NOV 1}},
	Number = {{6}},
	Pages = {{1385-1393}},
	Title = {{THE EVOLUTION OF SQUAMOSAL SHAPE IN CERATOPSID DINOSAURS (DINOSAURIA, ORNITHISCHIA)}},
	Unique-Id = {{ISI:000326965500011}},
	Volume = {{33}},
	Year = {{2013}},
	Bdsk-Url-1 = {http://dx.doi.org/10.1080/02724634.2013.779922%7D}}

@article{ISI:000326712100007,
	Author = {Shen, Guochun and He, Fangliang and Waagepetersen, Rasmus and Sun, I-Fang and Hao, Zhanqing and Chen, Zueng-Sang and Yu, Mingjian},
	Doi = {{10.1890/12-1983.1}},
	Eissn = {{1939-9170}},
	Issn = {{0012-9658}},
	Journal = {{ECOLOGY}},
	Month = {{NOV}},
	Number = {{11}},
	Pages = {{2436-2443}},
	Researcherid-Numbers = {{Waagepetersen, Rasmus/A-7816-2011}},
	Title = {{Quantifying effects of habitat heterogeneity and other clustering processes on spatial distributions of tree species}},
	Unique-Id = {{ISI:000326712100007}},
	Volume = {{94}},
	Year = {{2013}},
	Bdsk-Url-1 = {http://dx.doi.org/10.1890/12-1983.1%7D}}

@article{ISI:000326745300007,
	Author = {Green, Anna G. and Swithers, Kristen S. and Gogarten, Jan F. and Gogarten, Johann Peter},
	Doi = {{10.1093/molbev/mst145}},
	Eissn = {{1537-1719}},
	Issn = {{0737-4038}},
	Journal = {{MOLECULAR BIOLOGY AND EVOLUTION}},
	Month = {{NOV}},
	Number = {{11}},
	Pages = {{2463-2474}},
	Title = {{Reconstruction of Ancestral 16S rRNA Reveals Mutation Bias in the Evolution of Optimal Growth Temperature in the Thermotogae Phylum}},
	Unique-Id = {{ISI:000326745300007}},
	Volume = {{30}},
	Year = {{2013}},
	Bdsk-Url-1 = {http://dx.doi.org/10.1093/molbev/mst145%7D}}

@article{ISI:000325991900009,
	Author = {Claverie, Thomas and Patek, S. N.},
	Doi = {{10.1111/evo.12185}},
	Eissn = {{1558-5646}},
	Issn = {{0014-3820}},
	Journal = {{EVOLUTION}},
	Month = {{NOV}},
	Number = {{11}},
	Pages = {{3191-3207}},
	Title = {{MODULARITY AND RATES OF EVOLUTIONARY CHANGE IN A POWER-AMPLIFIED PREY CAPTURE SYSTEM}},
	Unique-Id = {{ISI:000325991900009}},
	Volume = {{67}},
	Year = {{2013}},
	Bdsk-Url-1 = {http://dx.doi.org/10.1111/evo.12185%7D}}

@article{ISI:000326036800015,
	Author = {Skibiel, Amy L. and Downing, Lauren M. and Orr, Teri J. and Hood, Wendy R.},
	Doi = {{10.1111/1365-2656.12095}},
	Eissn = {{1365-2656}},
	Issn = {{0021-8790}},
	Journal = {{JOURNAL OF ANIMAL ECOLOGY}},
	Month = {{NOV}},
	Number = {{6}},
	Pages = {{1254-1264}},
	Title = {{The evolution of the nutrient composition of mammalian milks}},
	Unique-Id = {{ISI:000326036800015}},
	Volume = {{82}},
	Year = {{2013}},
	Bdsk-Url-1 = {http://dx.doi.org/10.1111/1365-2656.12095%7D}}

@article{ISI:000326193500006,
	Author = {Piras, Paolo and Maiorino, Leonardo and Teresi, Luciano and Meloro, Carlo and Lucci, Federico and Kotsakis, Tassos and Raia, Pasquale},
	Doi = {{10.1093/sysbio/syt053}},
	Eissn = {{1076-836X}},
	Issn = {{1063-5157}},
	Journal = {{SYSTEMATIC BIOLOGY}},
	Month = {{NOV}},
	Number = {{6}},
	Pages = {{878-900}},
	Title = {{Bite of the Cats: Relationships between Functional Integration and Mechanical Performance as Revealed by Mandible Geometry}},
	Unique-Id = {{ISI:000326193500006}},
	Volume = {{62}},
	Year = {{2013}},
	Bdsk-Url-1 = {http://dx.doi.org/10.1093/sysbio/syt053%7D}}

@article{ISI:000326041500008,
	Author = {Dunn, Casey W. and Luo, Xi and Wu, Zhijin},
	Doi = {{10.1093/icb/ict068}},
	Eissn = {{1557-7023}},
	Issn = {{1540-7063}},
	Journal = {{INTEGRATIVE AND COMPARATIVE BIOLOGY}},
	Month = {{NOV}},
	Number = {{5}},
	Orcid-Numbers = {{Luo, Xi/0000-0002-0909-9372}},
	Pages = {{847-856}},
	Researcherid-Numbers = {{Luo, Xi/B-9361-2014}},
	Title = {{Phylogenetic Analysis of Gene Expression}},
	Unique-Id = {{ISI:000326041500008}},
	Volume = {{53}},
	Year = {{2013}},
	Bdsk-Url-1 = {http://dx.doi.org/10.1093/icb/ict068%7D}}

@article{ISI:000325984300015,
	Author = {Davies, T. Jonathan and Wolkovich, Elizabeth M. and Kraft, Nathan J. B. and Salamin, Nicolas and Allen, Jenica M. and Ault, Toby R. and Betancourt, Julio L. and Bolmgren, Kjell and Cleland, Elsa E. and Cook, Benjamin I. and Crimmins, Theresa M. and Mazer, Susan J. and McCabe, Gregory J. and Pau, Stephanie and Regetz, Jim and Schwartz, Mark D. and Travers, Steven E.},
	Doi = {{10.1111/1365-2745.12154}},
	Eissn = {{1365-2745}},
	Issn = {{0022-0477}},
	Journal = {{JOURNAL OF ECOLOGY}},
	Month = {{NOV}},
	Number = {{6}},
	Pages = {{1520-1530}},
	Researcherid-Numbers = {{Cook, Benjamin/H-2265-2012 Kraft, Nathan/A-2817-2012}},
	Title = {{Phylogenetic conservatism in plant phenology}},
	Unique-Id = {{ISI:000325984300015}},
	Volume = {{101}},
	Year = {{2013}},
	Bdsk-Url-1 = {http://dx.doi.org/10.1111/1365-2745.12154%7D}}

@article{ISI:000325984300016,
	Author = {Lusk, Christopher H. and Kaneko, Teruko and Grierson, Ella and Clearwater, Michael},
	Doi = {{10.1111/1365-2745.12152}},
	Eissn = {{1365-2745}},
	Issn = {{0022-0477}},
	Journal = {{JOURNAL OF ECOLOGY}},
	Month = {{NOV}},
	Number = {{6}},
	Pages = {{1531-1541}},
	Title = {{Correlates of tree species sorting along a temperature gradient in New Zealand rain forests: seedling functional traits, growth and shade tolerance}},
	Unique-Id = {{ISI:000325984300016}},
	Volume = {{101}},
	Year = {{2013}},
	Bdsk-Url-1 = {http://dx.doi.org/10.1111/1365-2745.12152%7D}}

@article{ISI:000325983400002,
	Author = {Dunham, A. E. and Maitner, B. S. and Razafindratsima, O. H. and Simmons, M. C. and Roy, C. L.},
	Doi = {{10.1111/jeb.12239}},
	Eissn = {{1420-9101}},
	Issn = {{1010-061X}},
	Journal = {{JOURNAL OF EVOLUTIONARY BIOLOGY}},
	Month = {{NOV}},
	Number = {{11}},
	Orcid-Numbers = {{Dunham, Amy/0000-0002-5184-3652}},
	Pages = {{2312-2320}},
	Researcherid-Numbers = {{Dunham, Amy/B-6161-2009}},
	Title = {{Body size and sexual size dimorphism in primates: influence of climate and net primary productivity}},
	Unique-Id = {{ISI:000325983400002}},
	Volume = {{26}},
	Year = {{2013}},
	Bdsk-Url-1 = {http://dx.doi.org/10.1111/jeb.12239%7D}}

@article{ISI:000325983400005,
	Author = {Sharma, M. D. and Minder, A. M. and Hosken, D. J.},
	Doi = {{10.1111/jeb.12232}},
	Eissn = {{1420-9101}},
	Issn = {{1010-061X}},
	Journal = {{JOURNAL OF EVOLUTIONARY BIOLOGY}},
	Month = {{NOV}},
	Number = {{11}},
	Orcid-Numbers = {{Sharma, Manmohan/0000-0002-9957-3153}},
	Pages = {{2341-2349}},
	Researcherid-Numbers = {{Sharma, Manmohan/F-8530-2013}},
	Title = {{No association between sperm competition and sperm length variation across dung flies (Scathophagidae)}},
	Unique-Id = {{ISI:000325983400005}},
	Volume = {{26}},
	Year = {{2013}},
	Bdsk-Url-1 = {http://dx.doi.org/10.1111/jeb.12232%7D}}

@article{ISI:000325819700011,
	Author = {Aguilar-Kirigin, Alvaro J. and Naya, Daniel E.},
	Doi = {{10.1007/s00442-013-2682-z}},
	Eissn = {{1432-1939}},
	Issn = {{0029-8549}},
	Journal = {{OECOLOGIA}},
	Month = {{NOV}},
	Number = {{3}},
	Pages = {{745-752}},
	Title = {{Latitudinal patterns in phenotypic plasticity: the case of seasonal flexibility in lizards' fat body size}},
	Unique-Id = {{ISI:000325819700011}},
	Volume = {{173}},
	Year = {{2013}},
	Bdsk-Url-1 = {http://dx.doi.org/10.1007/s00442-013-2682-z%7D}}

@article{ISI:000325806300010,
	Author = {ter Hofstede, Hannah M. and Goerlitz, Holger R. and Ratcliffe, John M. and Holderied, Marc W. and Surlykke, Annemarie},
	Doi = {{10.1242/jeb.093294}},
	Eissn = {{1477-9145}},
	Issn = {{0022-0949}},
	Journal = {{JOURNAL OF EXPERIMENTAL BIOLOGY}},
	Month = {{NOV}},
	Number = {{21}},
	Pages = {{3954-3962}},
	Researcherid-Numbers = {{Holderied, Marc/M-9382-2013}},
	Title = {{The simple ears of noctuoid moths are tuned to the calls of their sympatric bat community}},
	Unique-Id = {{ISI:000325806300010}},
	Volume = {{216}},
	Year = {{2013}},
	Bdsk-Url-1 = {http://dx.doi.org/10.1242/jeb.093294%7D}}

@article{ISI:000325415100009,
	Author = {De Lisle, Stephen P. and Rowe, Locke},
	Doi = {{10.1086/673282}},
	Eissn = {{1537-5323}},
	Issn = {{0003-0147}},
	Journal = {{AMERICAN NATURALIST}},
	Month = {{NOV 1}},
	Number = {{5}},
	Pages = {{630-639}},
	Title = {{Correlated Evolution of Allometry and Sexual Dimorphism across Higher Taxa}},
	Unique-Id = {{ISI:000325415100009}},
	Volume = {{182}},
	Year = {{2013}},
	Bdsk-Url-1 = {http://dx.doi.org/10.1086/673282%7D}}

@article{ISI:000325459700006,
	Author = {Kawabe, Soichiro and Shimokawa, Tetsuya and Miki, Hitoshi and Matsuda, Seiji and Endo, Hideki},
	Doi = {{10.1111/joa.12109}},
	Issn = {{0021-8782}},
	Journal = {{JOURNAL OF ANATOMY}},
	Month = {{NOV}},
	Number = {{5}},
	Pages = {{495-508}},
	Title = {{Variation in avian brain shape: relationship with size and orbital shape}},
	Unique-Id = {{ISI:000325459700006}},
	Volume = {{223}},
	Year = {{2013}},
	Bdsk-Url-1 = {http://dx.doi.org/10.1111/joa.12109%7D}}

@article{ISI:000325476200004,
	Author = {Fattorini, Simone and Sciotti, Agnese and Tratzi, Patrizio and Di Giulio, Andrea},
	Doi = {{10.1111/jzs.12026}},
	Issn = {{0947-5745}},
	Journal = {{JOURNAL OF ZOOLOGICAL SYSTEMATICS AND EVOLUTIONARY RESEARCH}},
	Month = {{NOV}},
	Number = {{4}},
	Pages = {{279-286}},
	Researcherid-Numbers = {{Fattorini, Simone/E-7075-2012}},
	Title = {{Species distribution, ecology, abundance, body size and phylogeny originate interrelated rarity patterns at regional scale}},
	Unique-Id = {{ISI:000325476200004}},
	Volume = {{51}},
	Year = {{2013}},
	Bdsk-Url-1 = {http://dx.doi.org/10.1111/jzs.12026%7D}}
