%% This BibTeX bibliography file was created using BibDesk.
%% http://bibdesk.sourceforge.net/


%% Created for Natalie Cooper at 2014-05-20 14:26:09 +0100 


%% Saved with string encoding Unicode (UTF-8) 



@article{ISI:000302297100009,
	Author = {Lindborg, Regina and Helm, Aveliina and Bommarco, Riccardo and Heikkinen, Risto K. and Kuehn, Ingolf and Pykala, Juha and Paertel, Meelis},
	Date-Added = {2014-05-20 13:23:49 +0000},
	Date-Modified = {2014-05-20 13:23:49 +0000},
	Doi = {{10.1111/j.1600-0587.2011.07286.x}},
	Eissn = {{1600-0587}},
	Issn = {{0906-7590}},
	Journal = {{ECOGRAPHY}},
	Month = {{APR}},
	Number = {{4}},
	Orcid-Numbers = {{Kuhn, Ingolf /0000-0003-1691-8249 }},
	Pages = {{356-363}},
	Researcherid-Numbers = {{Kuhn, Ingolf /B-9756-2009 Partel, Meelis/D-5493-2012}},
	Title = {{Effect of habitat area and isolation on plant trait distribution in European forests and grasslands}},
	Unique-Id = {{ISI:000302297100009}},
	Volume = {{35}},
	Year = {{2012}},
	Bdsk-Url-1 = {http://dx.doi.org/10.1111/j.1600-0587.2011.07286.x%7D}}

@article{ISI:000300500800015,
	Author = {Semchenko, Marina and Lepik, Mari and Goetzenberger, Lars and Zobel, Kristjan},
	Date-Added = {2014-05-20 13:23:49 +0000},
	Date-Modified = {2014-05-20 13:23:49 +0000},
	Doi = {{10.1111/j.1365-2745.2011.01936.x}},
	Issn = {{0022-0477}},
	Journal = {{JOURNAL OF ECOLOGY}},
	Month = {{MAR}},
	Number = {{2}},
	Pages = {{459-466}},
	Title = {{Positive effect of shade on plant growth: amelioration of stress or active regulation of growth rate?}},
	Unique-Id = {{ISI:000300500800015}},
	Volume = {{100}},
	Year = {{2012}},
	Bdsk-Url-1 = {http://dx.doi.org/10.1111/j.1365-2745.2011.01936.x%7D}}

@incollection{ISI:000301553200001,
	Author = {Paradis, Emmanuel},
	Book-Author = {{Paradis, E}},
	Booktitle = {{ANALYSIS OF PHYLOGENETICS AND EVOLUTION WITH R, SECOND EDITION}},
	Date-Added = {2014-05-20 13:23:49 +0000},
	Date-Modified = {2014-05-20 13:23:49 +0000},
	Isbn = {{978-1-4614-1742-2}},
	Pages = {{1+}},
	Series = {{Use R}},
	Title = {{Analysis of Phylogenetics and Evolution with R Introduction}},
	Unique-Id = {{ISI:000301553200001}},
	Year = {{2012}}}

@article{ISI:000312442000018,
	Author = {Symonds, Matthew R. E. and Johnson, Tamara L. and Elgar, Mark A.},
	Date-Added = {2014-05-20 13:23:49 +0000},
	Date-Modified = {2014-05-20 13:23:49 +0000},
	Doi = {{10.1002/ece3.81}},
	Issn = {{2045-7758}},
	Journal = {{ECOLOGY AND EVOLUTION}},
	Month = {{JAN}},
	Number = {{1}},
	Pages = {{227-246}},
	Title = {{Pheromone production, male abundance, body size, and the evolution of elaborate antennae in moths}},
	Unique-Id = {{ISI:000312442000018}},
	Volume = {{2}},
	Year = {{2012}},
	Bdsk-Url-1 = {http://dx.doi.org/10.1002/ece3.81%7D}}

@article{ISI:000300247700011,
	Author = {Zsolt Garamszegi, Laszlo and Pape Moller, Anders},
	Date-Added = {2014-05-20 13:23:49 +0000},
	Date-Modified = {2014-05-20 13:23:49 +0000},
	Doi = {{10.1007/s00265-011-1259-2}},
	Issn = {{0340-5443}},
	Journal = {{BEHAVIORAL ECOLOGY AND SOCIOBIOLOGY}},
	Month = {{JAN}},
	Number = {{1}},
	Orcid-Numbers = {{CSIC, EBD Donana/0000-0003-4318-6602}},
	Pages = {{107-119}},
	Researcherid-Numbers = {{CSIC, EBD Donana/C-4157-2011}},
	Title = {{The interspecific relationship between prevalence of blood parasites and sexual traits in birds when considering recent methodological advancements}},
	Unique-Id = {{ISI:000300247700011}},
	Volume = {{66}},
	Year = {{2012}},
	Bdsk-Url-1 = {http://dx.doi.org/10.1007/s00265-011-1259-2%7D}}

@article{ISI:000298591800012,
	Author = {Taylor, S. H. and Franks, P. J. and Hulme, S. P. and Spriggs, E. and Christin, P. A. and Edwards, E. J. and Woodward, F. I. and Osborne, C. P.},
	Date-Added = {2014-05-20 13:23:49 +0000},
	Date-Modified = {2014-05-20 13:23:49 +0000},
	Doi = {{10.1111/j.1469-8137.2011.03935.x}},
	Issn = {{1469-8137}},
	Journal = {{NEW PHYTOLOGIST}},
	Month = {{JAN}},
	Number = {{2}},
	Pages = {{387-396}},
	Researcherid-Numbers = {{Christin, Pascal-Antoine/A-6634-2013 Woodward, Ian/B-7762-2008}},
	Title = {{Photosynthetic pathway and ecological adaptation explain stomatal trait diversity amongst grasses}},
	Unique-Id = {{ISI:000298591800012}},
	Volume = {{193}},
	Year = {{2012}},
	Bdsk-Url-1 = {http://dx.doi.org/10.1111/j.1469-8137.2011.03935.x%7D}}

@article{ISI:000298013700018,
	Author = {Davis, R. B. and Javois, J. and Pienaar, J. and Ounap, E. and Tammaru, T.},
	Date-Added = {2014-05-20 13:23:49 +0000},
	Date-Modified = {2014-05-20 13:23:49 +0000},
	Doi = {{10.1111/j.1420-9101.2011.02420.x}},
	Issn = {{1010-061X}},
	Journal = {{JOURNAL OF EVOLUTIONARY BIOLOGY}},
	Month = {{JAN}},
	Number = {{1}},
	Pages = {{210-219}},
	Title = {{Disentangling determinants of egg size in the Geometridae (Lepidoptera) using an advanced phylogenetic comparative method}},
	Unique-Id = {{ISI:000298013700018}},
	Volume = {{25}},
	Year = {{2012}},
	Bdsk-Url-1 = {http://dx.doi.org/10.1111/j.1420-9101.2011.02420.x%7D}}

@article{ISI:000298058200001,
	Author = {Hawkins, Bradford A.},
	Date-Added = {2014-05-20 13:23:49 +0000},
	Date-Modified = {2014-05-20 13:23:49 +0000},
	Doi = {{10.1111/j.1365-2699.2011.02637.x}},
	Eissn = {{1365-2699}},
	Issn = {{0305-0270}},
	Journal = {{JOURNAL OF BIOGEOGRAPHY}},
	Month = {{JAN}},
	Number = {{1}},
	Pages = {{1-9}},
	Title = {{Eight (and a half) deadly sins of spatial analysis}},
	Unique-Id = {{ISI:000298058200001}},
	Volume = {{39}},
	Year = {{2012}},
	Bdsk-Url-1 = {http://dx.doi.org/10.1111/j.1365-2699.2011.02637.x%7D}}

@article{ISI:000296159900011,
	Author = {Zsolt Garamszegi, Laszlo and Moller, Anders Pape},
	Date-Added = {2014-05-20 13:23:49 +0000},
	Date-Modified = {2014-05-20 13:23:49 +0000},
	Doi = {{10.1093/sysbio/syr060}},
	Issn = {{1063-5157}},
	Journal = {{SYSTEMATIC BIOLOGY}},
	Month = {{DEC}},
	Number = {{6}},
	Orcid-Numbers = {{CSIC, EBD Donana/0000-0003-4318-6602}},
	Pages = {{876-880}},
	Researcherid-Numbers = {{CSIC, EBD Donana/C-4157-2011}},
	Title = {{Nonrandom Variation in Within-Species Sample Size and Missing Data in Phylogenetic Comparative Studies}},
	Unique-Id = {{ISI:000296159900011}},
	Volume = {{60}},
	Year = {{2011}},
	Bdsk-Url-1 = {http://dx.doi.org/10.1093/sysbio/syr060%7D}}

@article{ISI:000296702800019,
	Author = {Hopkins, Melanie J.},
	Date-Added = {2014-05-20 13:23:49 +0000},
	Date-Modified = {2014-05-20 13:23:49 +0000},
	Doi = {{10.1111/j.1558-5646.2011.01379.x}},
	Issn = {{0014-3820}},
	Journal = {{EVOLUTION}},
	Month = {{NOV}},
	Number = {{11}},
	Pages = {{3253-3273}},
	Title = {{HOW SPECIES LONGEVITY, INTRASPECIFIC MORPHOLOGICAL VARIATION, AND GEOGRAPHIC RANGE SIZE ARE RELATED: A COMPARISON USING LATE CAMBRIAN TRILOBITES}},
	Unique-Id = {{ISI:000296702800019}},
	Volume = {{65}},
	Year = {{2011}},
	Bdsk-Url-1 = {http://dx.doi.org/10.1111/j.1558-5646.2011.01379.x%7D}}

@article{ISI:000296110300009,
	Author = {Vas, Zoltan and Lefebvre, Louis and Johnson, Kevin P. and Reiczigel, Jeno and Rozsa, Lajos},
	Date-Added = {2014-05-20 13:23:49 +0000},
	Date-Modified = {2014-05-20 13:23:49 +0000},
	Doi = {{10.1016/j.ijpara.2011.07.011}},
	Issn = {{0020-7519}},
	Journal = {{INTERNATIONAL JOURNAL FOR PARASITOLOGY}},
	Month = {{OCT}},
	Number = {{12}},
	Pages = {{1295-1300}},
	Researcherid-Numbers = {{Rozsa, Lajos/F-9727-2010}},
	Title = {{Clever birds are lousy: Co-variation between avian innovation and the taxonomic richness of their amblyceran lice}},
	Unique-Id = {{ISI:000296110300009}},
	Volume = {{41}},
	Year = {{2011}},
	Bdsk-Url-1 = {http://dx.doi.org/10.1016/j.ijpara.2011.07.011%7D}}

@article{ISI:000293910500012,
	Author = {Vahed, K. and Lehmann, A. W. and Gilbert, J. D. J. and Lehmann, G. U. C.},
	Date-Added = {2014-05-20 13:23:49 +0000},
	Date-Modified = {2014-05-20 13:23:49 +0000},
	Doi = {{10.1111/j.1420-9101.2011.02325.x}},
	Issn = {{1010-061X}},
	Journal = {{JOURNAL OF EVOLUTIONARY BIOLOGY}},
	Month = {{SEP}},
	Number = {{9}},
	Orcid-Numbers = {{Gilbert, James/0000-0001-7014-2803 Lehmann, Gerlind/0000-0003-0559-6002}},
	Pages = {{1960-1968}},
	Researcherid-Numbers = {{Gilbert, James/A-8965-2010 Lehmann, Gerlind/D-5464-2013}},
	Title = {{Increased copulation duration before ejaculate transfer is associated with larger spermatophores, and male genital titillators, across bushcricket taxa}},
	Unique-Id = {{ISI:000293910500012}},
	Volume = {{24}},
	Year = {{2011}},
	Bdsk-Url-1 = {http://dx.doi.org/10.1111/j.1420-9101.2011.02325.x%7D}}

@article{ISI:000292819200005,
	Author = {Poulin, Robert and Krasnov, Boris R. and Mouillot, David and Thieltges, David W.},
	Date-Added = {2014-05-20 13:23:49 +0000},
	Date-Modified = {2014-05-20 13:23:49 +0000},
	Doi = {{10.1098/rstb.2011.0048}},
	Issn = {{0962-8436}},
	Journal = {{PHILOSOPHICAL TRANSACTIONS OF THE ROYAL SOCIETY B-BIOLOGICAL SCIENCES}},
	Month = {{AUG 27}},
	Number = {{1576}},
	Orcid-Numbers = {{Poulin, Robert/0000-0003-1390-1206 }},
	Pages = {{2379-2390}},
	Researcherid-Numbers = {{Poulin, Robert/C-3117-2008 KRASNOV, BORIS/F-2234-2012}},
	Title = {{The comparative ecology and biogeography of parasites}},
	Unique-Id = {{ISI:000292819200005}},
	Volume = {{366}},
	Year = {{2011}},
	Bdsk-Url-1 = {http://dx.doi.org/10.1098/rstb.2011.0048%7D}}

@article{ISI:000292040200002,
	Author = {Freckleton, Rob P. and Cooper, Natalie and Jetz, Walter},
	Date-Added = {2014-05-20 13:23:49 +0000},
	Date-Modified = {2014-05-20 13:23:49 +0000},
	Doi = {{10.1086/660272}},
	Issn = {{0003-0147}},
	Journal = {{AMERICAN NATURALIST}},
	Month = {{JUL}},
	Number = {{1}},
	Orcid-Numbers = {{Cooper, Natalie/0000-0003-4919-8655}},
	Pages = {{E10-E17}},
	Researcherid-Numbers = {{Jetz, Walter/F-3564-2010 Cooper, Natalie/I-7976-2012}},
	Title = {{Comparative Methods as a Statistical Fix: The Dangers of Ignoring an Evolutionary Model}},
	Unique-Id = {{ISI:000292040200002}},
	Volume = {{178}},
	Year = {{2011}},
	Bdsk-Url-1 = {http://dx.doi.org/10.1086/660272%7D}}

@article{ISI:000290429800009,
	Author = {Sunday, Jennifer M. and Bates, Amanda E. and Dulvy, Nicholas K.},
	Date-Added = {2014-05-20 13:23:49 +0000},
	Date-Modified = {2014-05-20 13:23:49 +0000},
	Doi = {{10.1098/rspb.2010.1295}},
	Issn = {{0962-8452}},
	Journal = {{PROCEEDINGS OF THE ROYAL SOCIETY B-BIOLOGICAL SCIENCES}},
	Month = {{JUN 22}},
	Number = {{1713}},
	Pages = {{1823-1830}},
	Researcherid-Numbers = {{Dulvy, Nicholas/I-2895-2012}},
	Title = {{Global analysis of thermal tolerance and latitude in ectotherms}},
	Unique-Id = {{ISI:000290429800009}},
	Volume = {{278}},
	Year = {{2011}},
	Bdsk-Url-1 = {http://dx.doi.org/10.1098/rspb.2010.1295%7D}}

@article{ISI:000290038600006,
	Author = {Pincheira-Donoso, Daniel and Tregenza, Tom},
	Date-Added = {2014-05-20 13:23:49 +0000},
	Date-Modified = {2014-05-20 13:23:49 +0000},
	Doi = {{10.1007/s11692-011-9118-7}},
	Issn = {{0071-3260}},
	Journal = {{EVOLUTIONARY BIOLOGY}},
	Month = {{JUN}},
	Number = {{2}},
	Pages = {{197-207}},
	Title = {{Fecundity Selection and the Evolution of Reproductive Output and Sex-Specific Body Size in the Liolaemus Lizard Adaptive Radiation}},
	Unique-Id = {{ISI:000290038600006}},
	Volume = {{38}},
	Year = {{2011}},
	Bdsk-Url-1 = {http://dx.doi.org/10.1007/s11692-011-9118-7%7D}}

@article{ISI:000292468500001,
	Article-Number = {{137}},
	Author = {Monteiro, Leandro R. and Nogueira, Marcelo R.},
	Date-Added = {2014-05-20 13:23:49 +0000},
	Date-Modified = {2014-05-20 13:23:49 +0000},
	Doi = {{10.1186/1471-2148-11-137}},
	Issn = {{1471-2148}},
	Journal = {{BMC EVOLUTIONARY BIOLOGY}},
	Month = {{MAY 23}},
	Orcid-Numbers = {{Monteiro, Leandro/0000-0002-0725-3647}},
	Researcherid-Numbers = {{Monteiro, Leandro/B-7882-2009}},
	Title = {{Evolutionary patterns and processes in the radiation of phyllostomid bats}},
	Unique-Id = {{ISI:000292468500001}},
	Volume = {{11}},
	Year = {{2011}},
	Bdsk-Url-1 = {http://dx.doi.org/10.1186/1471-2148-11-137%7D}}

@article{ISI:000288849700010,
	Author = {Stone, Graham N. and Nee, Sean and Felsenstein, Joseph},
	Date-Added = {2014-05-20 13:23:49 +0000},
	Date-Modified = {2014-05-20 13:23:49 +0000},
	Doi = {{10.1098/rstb.2010.0311}},
	Issn = {{0962-8436}},
	Journal = {{PHILOSOPHICAL TRANSACTIONS OF THE ROYAL SOCIETY B-BIOLOGICAL SCIENCES}},
	Month = {{MAY 12}},
	Number = {{1569}},
	Pages = {{1410-1424}},
	Title = {{Controlling for non-independence in comparative analysis of patterns across populations within species}},
	Unique-Id = {{ISI:000288849700010}},
	Volume = {{366}},
	Year = {{2011}},
	Bdsk-Url-1 = {http://dx.doi.org/10.1098/rstb.2010.0311%7D}}

@article{ISI:000289848600012,
	Author = {Carew, Melissa E. and Miller, Adam D. and Hoffmann, Ary A.},
	Date-Added = {2014-05-20 13:23:49 +0000},
	Date-Modified = {2014-05-20 13:23:49 +0000},
	Doi = {{10.1007/s10646-011-0615-3}},
	Issn = {{0963-9292}},
	Journal = {{ECOTOXICOLOGY}},
	Month = {{MAY}},
	Number = {{3}},
	Pages = {{595-606}},
	Researcherid-Numbers = {{Hoffmann, Ary/C-2961-2011}},
	Title = {{Phylogenetic signals and ecotoxicological responses: potential implications for aquatic biomonitoring}},
	Unique-Id = {{ISI:000289848600012}},
	Volume = {{20}},
	Year = {{2011}},
	Bdsk-Url-1 = {http://dx.doi.org/10.1007/s10646-011-0615-3%7D}}

@article{ISI:000289692700001,
	Author = {Gonzalez-Voyer, A. and Padial, J. M. and Castroviejo-Fisher, S. and De la Riva, I. and Vila, C.},
	Date-Added = {2014-05-20 13:23:49 +0000},
	Date-Modified = {2014-05-20 13:23:49 +0000},
	Doi = {{10.1111/j.1420-9101.2011.02243.x}},
	Issn = {{1010-061X}},
	Journal = {{JOURNAL OF EVOLUTIONARY BIOLOGY}},
	Month = {{MAY}},
	Number = {{5}},
	Orcid-Numbers = {{CSIC, EBD Donana/0000-0003-4318-6602 }},
	Pages = {{931-942}},
	Researcherid-Numbers = {{CSIC, EBD Donana/C-4157-2011 Castroviejo-Fisher, Santiago/G-9007-2013}},
	Title = {{Correlates of species richness in the largest Neotropical amphibian radiation}},
	Unique-Id = {{ISI:000289692700001}},
	Volume = {{24}},
	Year = {{2011}},
	Bdsk-Url-1 = {http://dx.doi.org/10.1111/j.1420-9101.2011.02243.x%7D}}

@article{ISI:000289692700006,
	Author = {Galvan, I. and Moller, A. P. and Erritzoe, J.},
	Date-Added = {2014-05-20 13:23:49 +0000},
	Date-Modified = {2014-05-20 13:23:49 +0000},
	Doi = {{10.1111/j.1420-9101.2011.02231.x}},
	Issn = {{1010-061X}},
	Journal = {{JOURNAL OF EVOLUTIONARY BIOLOGY}},
	Month = {{MAY}},
	Number = {{5}},
	Pages = {{988-998}},
	Title = {{Testicular melanization has evolved in birds with high mtDNA mutation rates}},
	Unique-Id = {{ISI:000289692700006}},
	Volume = {{24}},
	Year = {{2011}},
	Bdsk-Url-1 = {http://dx.doi.org/10.1111/j.1420-9101.2011.02231.x%7D}}

@article{ISI:000288382100011,
	Author = {Sherratt, T. N. and Hassall, C. and Laird, R. A. and Thompson, D. J. and Cordero-Rivera, A.},
	Date-Added = {2014-05-20 13:23:49 +0000},
	Date-Modified = {2014-05-20 13:23:49 +0000},
	Doi = {{10.1111/j.1420-9101.2010.02222.x}},
	Issn = {{1010-061X}},
	Journal = {{JOURNAL OF EVOLUTIONARY BIOLOGY}},
	Month = {{APR}},
	Number = {{4}},
	Orcid-Numbers = {{Hassall, Christopher/0000-0002-3510-0728}},
	Pages = {{810-822}},
	Researcherid-Numbers = {{Hassall, Christopher/H-2469-2013}},
	Title = {{A comparative analysis of senescence in adult damselflies and dragonflies (Odonata)}},
	Unique-Id = {{ISI:000288382100011}},
	Volume = {{24}},
	Year = {{2011}},
	Bdsk-Url-1 = {http://dx.doi.org/10.1111/j.1420-9101.2010.02222.x%7D}}

@article{ISI:000287302400003,
	Author = {Riede, Felix},
	Date-Added = {2014-05-20 13:23:49 +0000},
	Date-Modified = {2014-05-20 13:23:49 +0000},
	Doi = {{10.1098/rstb.2010.0266}},
	Eissn = {{1471-2970}},
	Issn = {{0962-8436}},
	Journal = {{PHILOSOPHICAL TRANSACTIONS OF THE ROYAL SOCIETY B-BIOLOGICAL SCIENCES}},
	Month = {{MAR 27}},
	Number = {{1566}},
	Pages = {{793-808}},
	Title = {{Adaptation and niche construction in human prehistory: a case study from the southern Scandinavian Late Glacial}},
	Unique-Id = {{ISI:000287302400003}},
	Volume = {{366}},
	Year = {{2011}},
	Bdsk-Url-1 = {http://dx.doi.org/10.1098/rstb.2010.0266%7D}}

@article{ISI:000287300800022,
	Author = {Price, J. Jordan and Clapp, Mary K. and Omland, Kevin E.},
	Date-Added = {2014-05-20 13:23:49 +0000},
	Date-Modified = {2014-05-20 13:23:49 +0000},
	Doi = {{10.1016/j.anbehav.2010.12.004}},
	Issn = {{0003-3472}},
	Journal = {{ANIMAL BEHAVIOUR}},
	Month = {{MAR}},
	Number = {{3}},
	Pages = {{667-670}},
	Title = {{Where have all the trees gone? The declining use of phylogenies in animal behaviour journals}},
	Unique-Id = {{ISI:000287300800022}},
	Volume = {{81}},
	Year = {{2011}},
	Bdsk-Url-1 = {http://dx.doi.org/10.1016/j.anbehav.2010.12.004%7D}}

@article{ISI:000287741300012,
	Author = {Krasnov, Boris R. and Poulin, Robert and Mouillot, David},
	Date-Added = {2014-05-20 13:23:49 +0000},
	Date-Modified = {2014-05-20 13:23:49 +0000},
	Doi = {{10.1111/j.1600-0587.2010.06502.x}},
	Issn = {{0906-7590}},
	Journal = {{ECOGRAPHY}},
	Month = {{FEB}},
	Number = {{1}},
	Orcid-Numbers = {{Poulin, Robert/0000-0003-1390-1206 }},
	Pages = {{114-122}},
	Researcherid-Numbers = {{Poulin, Robert/C-3117-2008 KRASNOV, BORIS/F-2234-2012}},
	Title = {{Scale-dependence of phylogenetic signal in ecological traits of ectoparasites}},
	Unique-Id = {{ISI:000287741300012}},
	Volume = {{34}},
	Year = {{2011}},
	Bdsk-Url-1 = {http://dx.doi.org/10.1111/j.1600-0587.2010.06502.x%7D}}

@article{ISI:000289407000001,
	Article-Number = {{12}},
	Author = {Tourmente, Maximiliano and Gomendio, Montserrat and Roldan, Eduardo R. S.},
	Date-Added = {2014-05-20 13:23:49 +0000},
	Date-Modified = {2014-05-20 13:23:49 +0000},
	Doi = {{10.1186/1471-2148-11-12}},
	Issn = {{1471-2148}},
	Journal = {{BMC EVOLUTIONARY BIOLOGY}},
	Month = {{JAN 13}},
	Title = {{Sperm competition and the evolution of sperm design in mammals}},
	Unique-Id = {{ISI:000289407000001}},
	Volume = {{11}},
	Year = {{2011}},
	Bdsk-Url-1 = {http://dx.doi.org/10.1186/1471-2148-11-12%7D}}

@article{ISI:000291995600007,
	Author = {Mull, Christopher G. and Yopak, Kara E. and Dulvy, Nicholas K.},
	Date-Added = {2014-05-20 13:23:49 +0000},
	Date-Modified = {2014-05-20 13:23:49 +0000},
	Doi = {{10.1071/MF10145}},
	Issn = {{1323-1650}},
	Journal = {{MARINE AND FRESHWATER RESEARCH}},
	Number = {{6}},
	Pages = {{567-575}},
	Researcherid-Numbers = {{Yopak, Kara/A-5549-2012}},
	Title = {{Does more maternal investment mean a larger brain? Evolutionary relationships between reproductive mode and brain size in chondrichthyans}},
	Unique-Id = {{ISI:000291995600007}},
	Volume = {{62}},
	Year = {{2011}},
	Bdsk-Url-1 = {http://dx.doi.org/10.1071/MF10145%7D}}

@article{ISI:000284900100025,
	Author = {Hulme, Philip E.},
	Date-Added = {2014-05-20 13:23:49 +0000},
	Date-Modified = {2014-05-20 13:23:49 +0000},
	Doi = {{10.1111/j.1469-8137.2010.03446.x}},
	Issn = {{0028-646X}},
	Journal = {{NEW PHYTOLOGIST}},
	Number = {{1}},
	Orcid-Numbers = {{Hulme, Philip/0000-0001-5712-0474}},
	Pages = {{272-281}},
	Researcherid-Numbers = {{Hulme, Philip/F-7454-2011}},
	Title = {{Contrasting impacts of climate-driven flowering phenology on changes in alien and native plant species distributions}},
	Unique-Id = {{ISI:000284900100025}},
	Volume = {{189}},
	Year = {{2011}},
	Bdsk-Url-1 = {http://dx.doi.org/10.1111/j.1469-8137.2010.03446.x%7D}}

@article{ISI:000284096600012,
	Author = {Currie, Thomas E. and Greenhill, Simon J. and Mace, Ruth},
	Date-Added = {2014-05-20 13:23:49 +0000},
	Date-Modified = {2014-05-20 13:23:49 +0000},
	Doi = {{10.1098/rstb.2010.0014}},
	Issn = {{0962-8436}},
	Journal = {{PHILOSOPHICAL TRANSACTIONS OF THE ROYAL SOCIETY B-BIOLOGICAL SCIENCES}},
	Month = {{DEC 12}},
	Number = {{1559}},
	Pages = {{3903-3912}},
	Title = {{Is horizontal transmission really a problem for phylogenetic comparative methods? A simulation study using continuous cultural traits}},
	Unique-Id = {{ISI:000284096600012}},
	Volume = {{365}},
	Year = {{2010}},
	Bdsk-Url-1 = {http://dx.doi.org/10.1098/rstb.2010.0014%7D}}

@article{ISI:000288914700005,
	Author = {MacLeod, Colin D.},
	Date-Added = {2014-05-20 13:23:49 +0000},
	Date-Modified = {2014-05-20 13:23:49 +0000},
	Doi = {{10.1111/j.2041-210X.2010.00037.x}},
	Issn = {{2041-210X}},
	Journal = {{METHODS IN ECOLOGY AND EVOLUTION}},
	Month = {{DEC}},
	Number = {{4}},
	Pages = {{359-370}},
	Title = {{Assessing the shape and topology of allometric relationships with body mass: a case study using testes mass allometry}},
	Unique-Id = {{ISI:000288914700005}},
	Volume = {{1}},
	Year = {{2010}},
	Bdsk-Url-1 = {http://dx.doi.org/10.1111/j.2041-210X.2010.00037.x%7D}}

@article{ISI:000282982300015,
	Author = {Felizola Diniz-Filho, Jose Alexandre and Terribile, Levi Carina and Ribeiro da Cruz, Mary Joice and Vieira, Ludgero Cardoso G.},
	Date-Added = {2014-05-20 13:23:49 +0000},
	Date-Modified = {2014-05-20 13:23:49 +0000},
	Doi = {{10.1111/j.1466-8238.2010.00562.x}},
	Issn = {{1466-822X}},
	Journal = {{GLOBAL ECOLOGY AND BIOGEOGRAPHY}},
	Month = {{NOV}},
	Number = {{6}},
	Pages = {{916-926}},
	Researcherid-Numbers = {{Diniz-Filho, Jose Alexandre/D-9405-2013}},
	Title = {{Hidden patterns of phylogenetic non-stationarity overwhelm comparative analyses of niche conservatism and divergence}},
	Unique-Id = {{ISI:000282982300015}},
	Volume = {{19}},
	Year = {{2010}},
	Bdsk-Url-1 = {http://dx.doi.org/10.1111/j.1466-8238.2010.00562.x%7D}}

@article{ISI:000281698400032,
	Author = {Capellini, Isabella and Venditti, Chris and Barton, Robert A.},
	Date-Added = {2014-05-20 13:23:49 +0000},
	Date-Modified = {2014-05-20 13:23:49 +0000},
	Doi = {{10.1890/09-0817.1}},
	Issn = {{0012-9658}},
	Journal = {{ECOLOGY}},
	Month = {{SEP}},
	Number = {{9}},
	Orcid-Numbers = {{Capellini, Isabella/0000-0001-8065-2436}},
	Pages = {{2783-2793}},
	Researcherid-Numbers = {{Capellini, Isabella/H-4813-2013}},
	Title = {{Phylogeny and metabolic scaling in mammals}},
	Unique-Id = {{ISI:000281698400032}},
	Volume = {{91}},
	Year = {{2010}},
	Bdsk-Url-1 = {http://dx.doi.org/10.1890/09-0817.1%7D}}

@article{ISI:000282373000006,
	Article-Number = {{e1001123}},
	Author = {Alizon, Samuel and von Wyl, Viktor and Stadler, Tanja and Kouyos, Roger D. and Yerly, Sabine and Hirschel, Bernard and Boeni, Juerg and Shah, Cyril and Klimkait, Thomas and Furrer, Hansjakob and Rauch, Andri and Vernazza, Pietro L. and Bernasconi, Enos and Battegay, Manuel and Buergisser, Philippe and Telenti, Amalio and Guenthard, Huldrych F. and Bonhoeffer, Sebastian and Swiss HIV Cohort Study},
	Date-Added = {2014-05-20 13:23:49 +0000},
	Date-Modified = {2014-05-20 13:23:49 +0000},
	Doi = {{10.1371/journal.ppat.1001123}},
	Issn = {{1553-7366}},
	Journal = {{PLOS PATHOGENS}},
	Month = {{SEP}},
	Number = {{9}},
	Orcid-Numbers = {{Bonhoeffer, Sebastian/0000-0001-8052-3925 Furrer, Hansjakob/0000-0002-1375-3146 Stadler, Tanja/0000-0001-6431-535X }},
	Researcherid-Numbers = {{Bonhoeffer, Sebastian/A-2735-2008 gunthard, huldrych/F-1724-2011 SHCS, ch/G-4077-2011 SHCS, only/G-4080-2011 Furrer, Hansjakob/G-6768-2013 Stadler, Tanja/J-4742-2013 Infektiologie, USZ/A-6921-2011 SHCS, all/G-4072-2011}},
	Title = {{Phylogenetic Approach Reveals That Virus Genotype Largely Determines HIV Set-Point Viral Load}},
	Unique-Id = {{ISI:000282373000006}},
	Volume = {{6}},
	Year = {{2010}},
	Bdsk-Url-1 = {http://dx.doi.org/10.1371/journal.ppat.1001123%7D}}

@article{ISI:000281657500006,
	Author = {Lanfear, Robert and Welch, John J. and Bromham, Lindell},
	Date-Added = {2014-05-20 13:23:49 +0000},
	Date-Modified = {2014-05-20 13:23:49 +0000},
	Doi = {{10.1016/j.tree.2010.06.007}},
	Issn = {{0169-5347}},
	Journal = {{TRENDS IN ECOLOGY \& EVOLUTION}},
	Month = {{SEP}},
	Number = {{9}},
	Pages = {{495-503}},
	Researcherid-Numbers = {{Lanfear, Robert/A-2022-2010 Bromham, Lindell/D-1046-2009}},
	Title = {{Watching the clock: Studying variation in rates of molecular evolution between species}},
	Unique-Id = {{ISI:000281657500006}},
	Volume = {{25}},
	Year = {{2010}},
	Bdsk-Url-1 = {http://dx.doi.org/10.1016/j.tree.2010.06.007%7D}}

@article{ISI:000279602900013,
	Author = {Gilbert, James D. J. and Manica, Andrea},
	Date-Added = {2014-05-20 13:23:49 +0000},
	Date-Modified = {2014-05-20 13:23:49 +0000},
	Doi = {{10.1086/653661}},
	Issn = {{0003-0147}},
	Journal = {{AMERICAN NATURALIST}},
	Month = {{AUG}},
	Number = {{2}},
	Orcid-Numbers = {{Gilbert, James/0000-0001-7014-2803 Manica, Andrea/0000-0003-1895-450X}},
	Pages = {{212-226}},
	Researcherid-Numbers = {{Gilbert, James/A-8965-2010 Manica, Andrea/B-5497-2008}},
	Title = {{Parental Care Trade-Offs and Life-History Relationships in Insects}},
	Unique-Id = {{ISI:000279602900013}},
	Volume = {{176}},
	Year = {{2010}},
	Bdsk-Url-1 = {http://dx.doi.org/10.1086/653661%7D}}

@article{ISI:000278833400017,
	Author = {Soulsbury, Carl D. and Iossa, Graziella},
	Date-Added = {2014-05-20 13:23:49 +0000},
	Date-Modified = {2014-05-20 13:23:49 +0000},
	Doi = {{10.1007/s10682-009-9344-y}},
	Issn = {{0269-7653}},
	Journal = {{EVOLUTIONARY ECOLOGY}},
	Month = {{JUL}},
	Number = {{4}},
	Orcid-Numbers = {{Soulsbury, Carl/0000-0001-8808-5210}},
	Pages = {{879-889}},
	Researcherid-Numbers = {{Soulsbury, Carl/F-3137-2010}},
	Title = {{The impact of ovulation mode on sperm quantity and quality in mammals}},
	Unique-Id = {{ISI:000278833400017}},
	Volume = {{24}},
	Year = {{2010}},
	Bdsk-Url-1 = {http://dx.doi.org/10.1007/s10682-009-9344-y%7D}}

@article{ISI:000276792400013,
	Author = {Buckley, Hannah L. and Freckleton, Robert P.},
	Date-Added = {2014-05-20 13:23:49 +0000},
	Date-Modified = {2014-05-20 13:23:49 +0000},
	Doi = {{10.1111/j.1365-2745.2010.01650.x}},
	Issn = {{0022-0477}},
	Journal = {{JOURNAL OF ECOLOGY}},
	Month = {{MAY}},
	Number = {{3}},
	Pages = {{645-658}},
	Title = {{Understanding the role of species dynamics in abundance-occupancy relationships}},
	Unique-Id = {{ISI:000276792400013}},
	Volume = {{98}},
	Year = {{2010}},
	Bdsk-Url-1 = {http://dx.doi.org/10.1111/j.1365-2745.2010.01650.x%7D}}

@article{ISI:000275328800015,
	Article-Number = {{e9617}},
	Author = {Sol, Daniel and Garcia, Nuria and Iwaniuk, Andrew and Davis, Katie and Meade, Andrew and Boyle, W. Alice and Szekely, Tamas},
	Date-Added = {2014-05-20 13:23:49 +0000},
	Date-Modified = {2014-05-20 13:23:49 +0000},
	Doi = {{10.1371/journal.pone.0009617}},
	Issn = {{1932-6203}},
	Journal = {{PLOS ONE}},
	Month = {{MAR 10}},
	Number = {{3}},
	Researcherid-Numbers = {{Boyle, W. Alice/G-1872-2010}},
	Title = {{Evolutionary Divergence in Brain Size between Migratory and Resident Birds}},
	Unique-Id = {{ISI:000275328800015}},
	Volume = {{5}},
	Year = {{2010}},
	Bdsk-Url-1 = {http://dx.doi.org/10.1371/journal.pone.0009617%7D}}

@article{ISI:000275328200014,
	Article-Number = {{e9581}},
	Author = {Soulsbury, Carl D.},
	Date-Added = {2014-05-20 13:23:49 +0000},
	Date-Modified = {2014-05-20 13:23:49 +0000},
	Doi = {{10.1371/journal.pone.0009581}},
	Issn = {{1932-6203}},
	Journal = {{PLOS ONE}},
	Month = {{MAR 8}},
	Number = {{3}},
	Orcid-Numbers = {{Soulsbury, Carl/0000-0001-8808-5210}},
	Pages = {{A152-A157}},
	Researcherid-Numbers = {{Soulsbury, Carl/F-3137-2010}},
	Title = {{Genetic Patterns of Paternity and Testes Size in Mammals}},
	Unique-Id = {{ISI:000275328200014}},
	Volume = {{5}},
	Year = {{2010}},
	Bdsk-Url-1 = {http://dx.doi.org/10.1371/journal.pone.0009581%7D}}

@article{ISI:000273949900006,
	Author = {Moller, A. P. and Erritzoe, J.},
	Date-Added = {2014-05-20 13:23:49 +0000},
	Date-Modified = {2014-05-20 13:23:49 +0000},
	Doi = {{10.1111/j.1420-9101.2009.01918.x}},
	Issn = {{1010-061X}},
	Journal = {{JOURNAL OF EVOLUTIONARY BIOLOGY}},
	Month = {{MAR}},
	Number = {{3}},
	Pages = {{509-517}},
	Title = {{Why birds eat colourful grit: colour preferences revealed by the colour of gizzard stones}},
	Unique-Id = {{ISI:000273949900006}},
	Volume = {{23}},
	Year = {{2010}},
	Bdsk-Url-1 = {http://dx.doi.org/10.1111/j.1420-9101.2009.01918.x%7D}}

@article{ISI:000273632800001,
	Author = {Perez, S. I. and Diniz-Filho, J. A. F. and Bernal, V. and Gonzalez, P. N.},
	Date-Added = {2014-05-20 13:23:49 +0000},
	Date-Modified = {2014-05-20 13:23:49 +0000},
	Doi = {{10.1111/j.1420-9101.2009.01905.x}},
	Issn = {{1010-061X}},
	Journal = {{JOURNAL OF EVOLUTIONARY BIOLOGY}},
	Month = {{FEB}},
	Number = {{2}},
	Pages = {{237-248}},
	Researcherid-Numbers = {{Diniz-Filho, Jose Alexandre/D-9405-2013}},
	Title = {{Spatial regression techniques for inter-population data: studying the relationships between morphological and environmental variation}},
	Unique-Id = {{ISI:000273632800001}},
	Volume = {{23}},
	Year = {{2010}},
	Bdsk-Url-1 = {http://dx.doi.org/10.1111/j.1420-9101.2009.01905.x%7D}}

@article{ISI:000271973600019,
	Author = {Revell, Liam J.},
	Date-Added = {2014-05-20 13:23:49 +0000},
	Date-Modified = {2014-05-20 13:23:49 +0000},
	Doi = {{10.1111/j.1558-5646.2009.00804.x}},
	Eissn = {{1558-5646}},
	Issn = {{0014-3820}},
	Journal = {{EVOLUTION}},
	Month = {{DEC}},
	Number = {{12}},
	Pages = {{3258-3268}},
	Title = {{SIZE-CORRECTION AND PRINCIPAL COMPONENTS FOR INTERSPECIFIC COMPARATIVE STUDIES}},
	Unique-Id = {{ISI:000271973600019}},
	Volume = {{63}},
	Year = {{2009}},
	Bdsk-Url-1 = {http://dx.doi.org/10.1111/j.1558-5646.2009.00804.x%7D}}

@article{ISI:000272452700005,
	Author = {Dalziel, Anne C. and Rogers, Sean M. and Schulte, Patricia M.},
	Date-Added = {2014-05-20 13:23:49 +0000},
	Date-Modified = {2014-05-20 13:23:49 +0000},
	Doi = {{10.1111/j.1365-294X.2009.04427.x}},
	Issn = {{0962-1083}},
	Journal = {{MOLECULAR ECOLOGY}},
	Month = {{DEC}},
	Number = {{24}},
	Pages = {{4997-5017}},
	Title = {{Linking genotypes to phenotypes and fitness: how mechanistic biology can inform molecular ecology}},
	Unique-Id = {{ISI:000272452700005}},
	Volume = {{18}},
	Year = {{2009}},
	Bdsk-Url-1 = {http://dx.doi.org/10.1111/j.1365-294X.2009.04427.x%7D}}

@article{ISI:000271468800015,
	Author = {Stephens, P. R. and Wiens, J. J.},
	Date-Added = {2014-05-20 13:23:49 +0000},
	Date-Modified = {2014-05-20 13:23:49 +0000},
	Doi = {{10.1111/j.1365-294X.2009.04378.x}},
	Issn = {{0962-1083}},
	Journal = {{MOLECULAR ECOLOGY}},
	Month = {{NOV}},
	Number = {{22}},
	Pages = {{4664-4679}},
	Title = {{Bridging the gap between community ecology and historical biogeography: niche conservatism and community structure in emydid turtles}},
	Unique-Id = {{ISI:000271468800015}},
	Volume = {{18}},
	Year = {{2009}},
	Bdsk-Url-1 = {http://dx.doi.org/10.1111/j.1365-294X.2009.04378.x%7D}}

@article{ISI:000284354100005,
	Author = {Beatty, Brian Lee and Rothschild, Bruce M.},
	Date-Added = {2014-05-20 13:23:49 +0000},
	Date-Modified = {2014-05-20 13:23:49 +0000},
	Doi = {{10.1080/08912960903469711}},
	Issn = {{0891-2963}},
	Journal = {{HISTORICAL BIOLOGY}},
	Number = {{3-4}},
	Pages = {{229-233}},
	Title = {{Paleopathologies are features of an organism and its interaction with the environment and should not be treated like organisms unto themselves}},
	Unique-Id = {{ISI:000284354100005}},
	Volume = {{21}},
	Year = {{2009}},
	Bdsk-Url-1 = {http://dx.doi.org/10.1080/08912960903469711%7D}}

@article{ISI:000333553500023,
	Author = {Garratt, Michael and Brooks, Robert C. and Lemaitre, Jean-Francois and Gaillard, Jean-Michel},
	Date-Added = {2014-05-20 13:22:59 +0000},
	Date-Modified = {2014-05-20 13:22:59 +0000},
	Doi = {{10.1111/evo.12333}},
	Eissn = {{1558-5646}},
	Issn = {{0014-3820}},
	Journal = {{EVOLUTION}},
	Month = {{APR}},
	Number = {{4}},
	Pages = {{1207-1215}},
	Title = {{FEMALE PROMISCUITY AND MATERNALLY DEPENDENT OFFSPRING GROWTH RATES IN MAMMALS}},
	Unique-Id = {{ISI:000333553500023}},
	Volume = {{68}},
	Year = {{2014}},
	Bdsk-Url-1 = {http://dx.doi.org/10.1111/evo.12333%7D}}

@article{ISI:000331467300003,
	Author = {Donovan, Lisa A. and Mason, Chase M. and Bowsher, Alan W. and Goolsby, Eric W. and Ishibashi, Caitlin D. A.},
	Date-Added = {2014-05-20 13:22:59 +0000},
	Date-Modified = {2014-05-20 13:22:59 +0000},
	Eissn = {{1365-2745}},
	Issn = {{0022-0477}},
	Journal = {{JOURNAL OF ECOLOGY}},
	Month = {{MAR}},
	Number = {{2}},
	Pages = {{302-314}},
	Title = {{Ecological and evolutionary lability of plant traits affecting carbon and nutrient cycling}},
	Unique-Id = {{ISI:000331467300003}},
	Volume = {{102}},
	Year = {{2014}}}

@article{ISI:000331673800023,
	Author = {Abadi, Fitsum and Barbraud, Christophe and Besson, Dominique and Bried, Joel and Crochet, Pierre-Andre and Delord, Karine and Forcada, Jaume and Grosbois, Vladimir and Phillips, Richard A. and Sagar, Paul and Thompson, Paul and Waugh, Susan and Weimerskirch, Henri and Wood, Andrew G. and Gimenez, Olivier},
	Date-Added = {2014-05-20 13:22:59 +0000},
	Date-Modified = {2014-05-20 13:22:59 +0000},
	Doi = {{10.1016/j.ecolmodel.2013.11.017}},
	Eissn = {{1872-7026}},
	Issn = {{0304-3800}},
	Journal = {{ECOLOGICAL MODELLING}},
	Month = {{FEB 10}},
	Pages = {{236-241}},
	Title = {{Importance of accounting for phylogenetic dependence in multi-species mark-recapture studies}},
	Unique-Id = {{ISI:000331673800023}},
	Volume = {{273}},
	Year = {{2014}},
	Bdsk-Url-1 = {http://dx.doi.org/10.1016/j.ecolmodel.2013.11.017%7D}}

@article{ISI:000330954400007,
	Author = {Blomquist, Gregory E. and Brent, Lauren J. N.},
	Date-Added = {2014-05-20 13:22:59 +0000},
	Date-Modified = {2014-05-20 13:22:59 +0000},
	Doi = {{10.1007/s10764-013-9709-5}},
	Eissn = {{1573-8604}},
	Issn = {{0164-0291}},
	Journal = {{INTERNATIONAL JOURNAL OF PRIMATOLOGY}},
	Month = {{FEB}},
	Number = {{1}},
	Pages = {{108-128}},
	Title = {{Applying Quantitative Genetic Methods to Primate Social Behavior}},
	Unique-Id = {{ISI:000330954400007}},
	Volume = {{35}},
	Year = {{2014}},
	Bdsk-Url-1 = {http://dx.doi.org/10.1007/s10764-013-9709-5%7D}}

@article{ISI:000328271500006,
	Author = {Dawson, Michael N.},
	Date-Added = {2014-05-20 13:22:59 +0000},
	Date-Modified = {2014-05-20 13:22:59 +0000},
	Doi = {{10.1111/jbi.12190}},
	Eissn = {{1365-2699}},
	Issn = {{0305-0270}},
	Journal = {{JOURNAL OF BIOGEOGRAPHY}},
	Month = {{JAN}},
	Number = {{1}},
	Pages = {{52-65}},
	Title = {{Natural experiments and meta-analyses in comparative phylogeography}},
	Unique-Id = {{ISI:000328271500006}},
	Volume = {{41}},
	Year = {{2014}},
	Bdsk-Url-1 = {http://dx.doi.org/10.1111/jbi.12190%7D}}

@article{ISI:000328271500007,
	Author = {Castroviejo-Fisher, Santiago and Guayasamin, Juan M. and Gonzalez-Voyer, Alejandro and Vila, Carles},
	Date-Added = {2014-05-20 13:22:59 +0000},
	Date-Modified = {2014-05-20 13:22:59 +0000},
	Doi = {{10.1111/jbi.12208}},
	Eissn = {{1365-2699}},
	Issn = {{0305-0270}},
	Journal = {{JOURNAL OF BIOGEOGRAPHY}},
	Month = {{JAN}},
	Number = {{1}},
	Pages = {{66-80}},
	Title = {{Neotropical diversification seen through glassfrogs}},
	Unique-Id = {{ISI:000328271500007}},
	Volume = {{41}},
	Year = {{2014}},
	Bdsk-Url-1 = {http://dx.doi.org/10.1111/jbi.12208%7D}}

@article{ISI:000328586800004,
	Author = {Qi, Wei and Guo, Shuqing and Chen, Xuelin and Cornelissen, Johannes H. C. and Bu, Haiyan and Du, Guozhen and Cui, Xianliang and Li, Wenjin and Liu, Kun},
	Date-Added = {2014-05-20 13:22:59 +0000},
	Date-Modified = {2014-05-20 13:22:59 +0000},
	Doi = {{10.1111/j.1600-0706.2013.00448.x}},
	Eissn = {{1600-0706}},
	Issn = {{0030-1299}},
	Journal = {{OIKOS}},
	Month = {{JAN}},
	Number = {{1}},
	Pages = {{23-32}},
	Title = {{Disentangling ecological, allometric and evolutionary determinants of the relationship between seed mass and elevation: insights from multiple analyses of 1355 angiosperm species on the eastern Tibetan Plateau}},
	Unique-Id = {{ISI:000328586800004}},
	Volume = {{123}},
	Year = {{2014}},
	Bdsk-Url-1 = {http://dx.doi.org/10.1111/j.1600-0706.2013.00448.x%7D}}

@article{ISI:000330183200007,
	Author = {Kotsakiozi, Panayiota and Rigal, Francois and Valakos, Efstratios D. and Parmakelis, Aristeidis},
	Date-Added = {2014-05-20 13:22:59 +0000},
	Date-Modified = {2014-05-20 13:22:59 +0000},
	Doi = {{10.1111/bij.12169}},
	Eissn = {{1095-8312}},
	Issn = {{0024-4066}},
	Journal = {{BIOLOGICAL JOURNAL OF THE LINNEAN SOCIETY}},
	Month = {{DEC}},
	Number = {{4}},
	Pages = {{796-813}},
	Title = {{Disentangling the effects of intraspecies variability, phylogeny, space, and climate on the evolution of shell morphology in endemic Greek land snails of the genus Codringtonia}},
	Unique-Id = {{ISI:000330183200007}},
	Volume = {{110}},
	Year = {{2013}},
	Bdsk-Url-1 = {http://dx.doi.org/10.1111/bij.12169%7D}}

@article{ISI:000327997900003,
	Author = {Guenard, Guillaume and Legendre, Pierre and Peres-Neto, Pedro},
	Date-Added = {2014-05-20 13:22:59 +0000},
	Date-Modified = {2014-05-20 13:22:59 +0000},
	Doi = {{10.1111/2041-210X.12111}},
	Eissn = {{2041-2096}},
	Issn = {{2041-210X}},
	Journal = {{METHODS IN ECOLOGY AND EVOLUTION}},
	Month = {{DEC}},
	Number = {{12}},
	Pages = {{1120-1131}},
	Title = {{Phylogenetic eigenvector maps: a framework to model and predict species traits}},
	Unique-Id = {{ISI:000327997900003}},
	Volume = {{4}},
	Year = {{2013}},
	Bdsk-Url-1 = {http://dx.doi.org/10.1111/2041-210X.12111%7D}}

@article{ISI:000325979900005,
	Author = {Vincze, Orsolya and Vagasi, Csongor I. and Kovacs, Istvan and Galvan, Ismael and Pap, Peter L.},
	Date-Added = {2014-05-20 13:22:59 +0000},
	Date-Modified = {2014-05-20 13:22:59 +0000},
	Doi = {{10.1111/bij.12139}},
	Eissn = {{1095-8312}},
	Issn = {{0024-4066}},
	Journal = {{BIOLOGICAL JOURNAL OF THE LINNEAN SOCIETY}},
	Month = {{NOV}},
	Number = {{3}},
	Pages = {{543-563}},
	Title = {{Sources of variation in uropygial gland size in European birds}},
	Unique-Id = {{ISI:000325979900005}},
	Volume = {{110}},
	Year = {{2013}},
	Bdsk-Url-1 = {http://dx.doi.org/10.1111/bij.12139%7D}}

@article{ISI:000325991900019,
	Author = {Montgomery, Stephen H. and Geisler, Jonathan H. and McGowen, Michael R. and Fox, Charlotte and Marino, Lori and Gatesy, John},
	Date-Added = {2014-05-20 13:22:59 +0000},
	Date-Modified = {2014-05-20 13:22:59 +0000},
	Doi = {{10.1111/evo.12197}},
	Eissn = {{1558-5646}},
	Issn = {{0014-3820}},
	Journal = {{EVOLUTION}},
	Month = {{NOV}},
	Number = {{11}},
	Pages = {{3339-3353}},
	Title = {{THE EVOLUTIONARY HISTORY OF CETACEAN BRAIN AND BODY SIZE}},
	Unique-Id = {{ISI:000325991900019}},
	Volume = {{67}},
	Year = {{2013}},
	Bdsk-Url-1 = {http://dx.doi.org/10.1111/evo.12197%7D}}

@article{ISI:000325995900014,
	Author = {Wheeler, Brandon C. and Scarry, Clara J. and Koenig, Andreas},
	Date-Added = {2014-05-20 13:22:59 +0000},
	Date-Modified = {2014-05-20 13:22:59 +0000},
	Doi = {{10.1093/beheco/art076}},
	Eissn = {{1465-7279}},
	Issn = {{1045-2249}},
	Journal = {{BEHAVIORAL ECOLOGY}},
	Month = {{NOV-DEC}},
	Number = {{6}},
	Orcid-Numbers = {{Koenig, Andreas/0000-0003-1494-9156}},
	Pages = {{1369-1380}},
	Researcherid-Numbers = {{Koenig, Andreas/G-6705-2013}},
	Title = {{Rates of agonism among female primates: a cross-taxon perspective}},
	Unique-Id = {{ISI:000325995900014}},
	Volume = {{24}},
	Year = {{2013}},
	Bdsk-Url-1 = {http://dx.doi.org/10.1093/beheco/art076%7D}}

@article{ISI:000325627700001,
	Author = {Collins, R. A. and Cruickshank, R. H.},
	Date-Added = {2014-05-20 13:22:59 +0000},
	Date-Modified = {2014-05-20 13:22:59 +0000},
	Doi = {{10.1111/1755-0998.12046}},
	Eissn = {{1755-0998}},
	Issn = {{1755-098X}},
	Journal = {{MOLECULAR ECOLOGY RESOURCES}},
	Month = {{NOV}},
	Number = {{6, SI}},
	Pages = {{969-975}},
	Title = {{The seven deadly sins of DNA barcoding}},
	Unique-Id = {{ISI:000325627700001}},
	Volume = {{13}},
	Year = {{2013}},
	Bdsk-Url-1 = {http://dx.doi.org/10.1111/1755-0998.12046%7D}}

@article{ISI:000326065200006,
	Author = {Duda, Pavel and Zrzavy, Jan},
	Date-Added = {2014-05-20 13:22:59 +0000},
	Date-Modified = {2014-05-20 13:22:59 +0000},
	Doi = {{10.1016/j.jhevol.2013.07.009}},
	Issn = {{0047-2484}},
	Journal = {{JOURNAL OF HUMAN EVOLUTION}},
	Month = {{OCT}},
	Number = {{4}},
	Pages = {{424-446}},
	Title = {{Evolution of life history and behavior in Hominidae: Towards phylogenetic reconstruction of the chimpanzee-human last common ancestor}},
	Unique-Id = {{ISI:000326065200006}},
	Volume = {{65}},
	Year = {{2013}},
	Bdsk-Url-1 = {http://dx.doi.org/10.1016/j.jhevol.2013.07.009%7D}}

@article{ISI:000325029900007,
	Author = {Clauss, Marcus and Dittmann, Marie T. and Mueller, Dennis W. H. and Meloro, Carlo and Codron, Daryl},
	Date-Added = {2014-05-20 13:22:59 +0000},
	Date-Modified = {2014-05-20 13:22:59 +0000},
	Doi = {{10.1111/j.1600-0706.2013.00463.x}},
	Eissn = {{1600-0706}},
	Issn = {{0030-1299}},
	Journal = {{OIKOS}},
	Month = {{OCT}},
	Number = {{10}},
	Orcid-Numbers = {{Clauss, Marcus/0000-0003-3841-6207}},
	Pages = {{1465-1472}},
	Researcherid-Numbers = {{Clauss, Marcus/A-4710-2008}},
	Title = {{Bergmann's rule in mammals: a cross-species interspecific pattern}},
	Unique-Id = {{ISI:000325029900007}},
	Volume = {{122}},
	Year = {{2013}},
	Bdsk-Url-1 = {http://dx.doi.org/10.1111/j.1600-0706.2013.00463.x%7D},
	Bdsk-File-1 = {YnBsaXN0MDDUAQIDBAUGJCVYJHZlcnNpb25YJG9iamVjdHNZJGFyY2hpdmVyVCR0b3ASAAGGoKgHCBMUFRYaIVUkbnVsbNMJCgsMDxJXTlMua2V5c1pOUy5vYmplY3RzViRjbGFzc6INDoACgAOiEBGABIAFgAdccmVsYXRpdmVQYXRoWWFsaWFzRGF0YV8QGi4uL0Rvd25sb2Fkcy9zYXZlZHJlY3MuYmli0hcLGBlXTlMuZGF0YU8RAX4AAAAAAX4AAgAADE1hY2ludG9zaCBIRAAAAAAAAAAAAAAAAAAAAM8oophIKwAAAAj/HQ1zYXZlZHJlY3MuYmliAAAAAAAAAAAAAAAAAAAAAAAAAAAAAAAAAAAAAAAAAAAAAAAAAAAAAAAAAAAAAAAAAAAAF/+Pz6EViQAAAAAAAAAAAAEAAgAACSAAAAAAAAAAAAAAAAAAAAAJRG93bmxvYWRzAAAQAAgAAM8oopgAAAARAAgAAM+hB3kAAAABAAwACP8dAAj/GgACZdkAAgA1TWFjaW50b3NoIEhEOlVzZXJzOgBuY29vcGVyOgBEb3dubG9hZHM6AHNhdmVkcmVjcy5iaWIAAA4AHAANAHMAYQB2AGUAZAByAGUAYwBzAC4AYgBpAGIADwAaAAwATQBhAGMAaQBuAHQAbwBzAGgAIABIAEQAEgAlVXNlcnMvbmNvb3Blci9Eb3dubG9hZHMvc2F2ZWRyZWNzLmJpYgAAEwABLwAAFQACAA7//wAAgAbSGxwdHlokY2xhc3NuYW1lWCRjbGFzc2VzXU5TTXV0YWJsZURhdGGjHR8gVk5TRGF0YVhOU09iamVjdNIbHCIjXE5TRGljdGlvbmFyeaIiIF8QD05TS2V5ZWRBcmNoaXZlctEmJ1Ryb290gAEACAARABoAIwAtADIANwBAAEYATQBVAGAAZwBqAGwAbgBxAHMAdQB3AIQAjgCrALAAuAI6AjwCQQJMAlUCYwJnAm4CdwJ8AokCjAKeAqECpgAAAAAAAAIBAAAAAAAAACgAAAAAAAAAAAAAAAAAAAKo}}

@article{ISI:000324871800007,
	Author = {Healy, Kevin and McNally, Luke and Ruxton, Graeme D. and Cooper, Natalie and Jackson, Andrew L.},
	Date-Added = {2014-05-20 13:22:59 +0000},
	Date-Modified = {2014-05-20 13:22:59 +0000},
	Doi = {{10.1016/j.anbehav.2013.06.018}},
	Eissn = {{1095-8282}},
	Issn = {{0003-3472}},
	Journal = {{ANIMAL BEHAVIOUR}},
	Month = {{OCT}},
	Number = {{4}},
	Orcid-Numbers = {{Healy, Kevin/0000-0002-3548-6253 Jackson, Andrew/0000-0001-7334-0434 Cooper, Natalie/0000-0003-4919-8655}},
	Pages = {{685-696}},
	Researcherid-Numbers = {{Healy, Kevin/H-6512-2013 Jackson, Andrew/D-3441-2009 Cooper, Natalie/I-7976-2012}},
	Title = {{Metabolic rate and body size are linked with perception of temporal information}},
	Unique-Id = {{ISI:000324871800007}},
	Volume = {{86}},
	Year = {{2013}},
	Bdsk-Url-1 = {http://dx.doi.org/10.1016/j.anbehav.2013.06.018%7D}}

@article{ISI:000324212800001,
	Article-Number = {{599}},
	Author = {Gilbert, James D. J. and Acquisti, Claudia and Martinson, Holly M. and Elser, James J. and Kumar, Sudhir and Fagan, William F.},
	Date-Added = {2014-05-20 13:22:59 +0000},
	Date-Modified = {2014-05-20 13:22:59 +0000},
	Doi = {{10.1186/1471-2164-14-599}},
	Issn = {{1471-2164}},
	Journal = {{BMC GENOMICS}},
	Month = {{SEP 4}},
	Orcid-Numbers = {{Gilbert, James/0000-0001-7014-2803 Elser, James/0000-0002-1460-2155}},
	Researcherid-Numbers = {{Gilbert, James/A-8965-2010 Elser, James/A-7082-2008}},
	Title = {{GRASP {[}Genomic Resource Access for Stoichioproteomics]: comparative explorations of the atomic content of 12 Drosophila proteomes}},
	Unique-Id = {{ISI:000324212800001}},
	Volume = {{14}},
	Year = {{2013}},
	Bdsk-Url-1 = {http://dx.doi.org/10.1186/1471-2164-14-599%7D},
	Bdsk-File-1 = {YnBsaXN0MDDUAQIDBAUGJCVYJHZlcnNpb25YJG9iamVjdHNZJGFyY2hpdmVyVCR0b3ASAAGGoKgHCBMUFRYaIVUkbnVsbNMJCgsMDxJXTlMua2V5c1pOUy5vYmplY3RzViRjbGFzc6INDoACgAOiEBGABIAFgAdccmVsYXRpdmVQYXRoWWFsaWFzRGF0YV8QHi4uL0Rvd25sb2Fkcy9zYXZlZHJlY3MgKDEpLmJpYtIXCxgZV05TLmRhdGFPEQGOAAAAAAGOAAIAAAxNYWNpbnRvc2ggSEQAAAAAAAAAAAAAAAAAAADPKKKYSCsAAAAI/x0Rc2F2ZWRyZWNzICgxKS5iaWIAAAAAAAAAAAAAAAAAAAAAAAAAAAAAAAAAAAAAAAAAAAAAAAAAAAAAAAAAAAAAABf/t8+hFZ0AAAAAAAAAAAABAAIAAAkgAAAAAAAAAAAAAAAAAAAACURvd25sb2FkcwAAEAAIAADPKKKYAAAAEQAIAADPoQeNAAAAAQAMAAj/HQAI/xoAAmXZAAIAOU1hY2ludG9zaCBIRDpVc2VyczoAbmNvb3BlcjoARG93bmxvYWRzOgBzYXZlZHJlY3MgKDEpLmJpYgAADgAkABEAcwBhAHYAZQBkAHIAZQBjAHMAIAAoADEAKQAuAGIAaQBiAA8AGgAMAE0AYQBjAGkAbgB0AG8AcwBoACAASABEABIAKVVzZXJzL25jb29wZXIvRG93bmxvYWRzL3NhdmVkcmVjcyAoMSkuYmliAAATAAEvAAAVAAIADv//AACABtIbHB0eWiRjbGFzc25hbWVYJGNsYXNzZXNdTlNNdXRhYmxlRGF0YaMdHyBWTlNEYXRhWE5TT2JqZWN00hscIiNcTlNEaWN0aW9uYXJ5oiIgXxAPTlNLZXllZEFyY2hpdmVy0SYnVHJvb3SAAQAIABEAGgAjAC0AMgA3AEAARgBNAFUAYABnAGoAbABuAHEAcwB1AHcAhACOAK8AtAC8Ak4CUAJVAmACaQJ3AnsCggKLApACnQKgArICtQK6AAAAAAAAAgEAAAAAAAAAKAAAAAAAAAAAAAAAAAAAArw=}}

@article{ISI:000320232000010,
	Article-Number = {{20130818}},
	Author = {Keith, S. A. and Baird, A. H. and Hughes, T. P. and Madin, J. S. and Connolly, S. R.},
	Date-Added = {2014-05-20 13:22:59 +0000},
	Date-Modified = {2014-05-20 13:22:59 +0000},
	Doi = {{10.1098/rspb.2013.0818}},
	Issn = {{0962-8452}},
	Journal = {{PROCEEDINGS OF THE ROYAL SOCIETY B-BIOLOGICAL SCIENCES}},
	Month = {{JUL 22}},
	Number = {{1763}},
	Orcid-Numbers = {{Connolly, Sean/0000-0003-1537-0859 }},
	Researcherid-Numbers = {{Connolly, Sean/E-7773-2011 Hughes, Terry/L-4721-2013}},
	Title = {{Faunal breaks and species composition of Indo-Pacific corals: the role of plate tectonics, environment and habitat distribution}},
	Unique-Id = {{ISI:000320232000010}},
	Volume = {{280}},
	Year = {{2013}},
	Bdsk-Url-1 = {http://dx.doi.org/10.1098/rspb.2013.0818%7D}}

@article{ISI:000322613400006,
	Author = {Gavin, Michael C. and Botero, Carlos A. and Bowern, Claire and Colwell, Robert K. and Dunn, Michael and Dunn, Robert R. and Gray, Russell D. and Kirby, Kathryn R. and McCarter, Joe and Powell, Adam and Rangel, Thiago F. and Stepp, John R. and Trautwein, Michelle and Verdolin, Jennifer L. and Yanega, Gregor},
	Date-Added = {2014-05-20 13:22:59 +0000},
	Date-Modified = {2014-05-20 13:22:59 +0000},
	Doi = {{10.1525/bio.2013.63.7.6}},
	Issn = {{0006-3568}},
	Journal = {{BIOSCIENCE}},
	Month = {{JUL}},
	Number = {{7}},
	Pages = {{524-535}},
	Title = {{Toward a Mechanistic Understanding of Linguistic Diversity}},
	Unique-Id = {{ISI:000322613400006}},
	Volume = {{63}},
	Year = {{2013}},
	Bdsk-Url-1 = {http://dx.doi.org/10.1525/bio.2013.63.7.6%7D}}

@article{ISI:000320576400147,
	Article-Number = {{e66670}},
	Author = {Lemaitre, Jean-Francois and Gaillard, Jean-Michel},
	Date-Added = {2014-05-20 13:22:59 +0000},
	Date-Modified = {2014-05-20 13:22:59 +0000},
	Doi = {{10.1371/journal.pone.0066670}},
	Issn = {{1932-6203}},
	Journal = {{PLOS ONE}},
	Month = {{JUN 18}},
	Number = {{6}},
	Title = {{Polyandry Has No Detectable Mortality Cost in Female Mammals}},
	Unique-Id = {{ISI:000320576400147}},
	Volume = {{8}},
	Year = {{2013}},
	Bdsk-Url-1 = {http://dx.doi.org/10.1371/journal.pone.0066670%7D}}

@article{ISI:000318996500006,
	Author = {Butler, Michael W. and Stahlschmidt, Zachary R. and Ardia, Daniel R. and Davies, Scott and Davis, Jon and Guillette, Jr., Louis J. and Johnson, Nicholas and McCormick, Stephen D. and McGraw, Kevin J. and DeNardo, Dale F.},
	Date-Added = {2014-05-20 13:22:59 +0000},
	Date-Modified = {2014-05-20 13:22:59 +0000},
	Doi = {{10.1086/670191}},
	Issn = {{0003-0147}},
	Journal = {{AMERICAN NATURALIST}},
	Month = {{JUN}},
	Number = {{6}},
	Pages = {{761-774}},
	Title = {{Thermal Sensitivity of Immune Function: Evidence against a Generalist-Specialist Trade-Off among Endothermic and Ectothermic Vertebrates}},
	Unique-Id = {{ISI:000318996500006}},
	Volume = {{181}},
	Year = {{2013}},
	Bdsk-Url-1 = {http://dx.doi.org/10.1086/670191%7D}}

@article{ISI:000319072300001,
	Author = {Hernandez, Cristian E. and Rodriguez-Serrano, Enrique and Avaria-Llautureo, Jorge and Inostroza-Michael, Oscar and Morales-Pallero, Bryan and Boric-Bargetto, Dusan and Canales-Aguirre, Cristian B. and Marquet, Pablo A. and Meade, Andrew},
	Date-Added = {2014-05-20 13:22:59 +0000},
	Date-Modified = {2014-05-20 13:22:59 +0000},
	Doi = {{10.1111/2041-210X.12033}},
	Issn = {{2041-210X}},
	Journal = {{METHODS IN ECOLOGY AND EVOLUTION}},
	Month = {{MAY}},
	Number = {{5}},
	Pages = {{401-415}},
	Researcherid-Numbers = {{Canales-Aguirre, Cristian/G-8688-2013}},
	Title = {{Using phylogenetic information and the comparative method to evaluate hypotheses in macroecology}},
	Unique-Id = {{ISI:000319072300001}},
	Volume = {{4}},
	Year = {{2013}},
	Bdsk-Url-1 = {http://dx.doi.org/10.1111/2041-210X.12033%7D}}

@article{ISI:000316639100010,
	Author = {Hanley, Daniel and Cassey, Phillip and Doucet, Stephanie M.},
	Date-Added = {2014-05-20 13:22:59 +0000},
	Date-Modified = {2014-05-20 13:22:59 +0000},
	Doi = {{10.1007/s10682-012-9619-6}},
	Eissn = {{1573-8477}},
	Issn = {{0269-7653}},
	Journal = {{EVOLUTIONARY ECOLOGY}},
	Month = {{MAY}},
	Number = {{3}},
	Pages = {{593-617}},
	Title = {{Parents, predators, parasites, and the evolution of eggshell colour in open nesting birds}},
	Unique-Id = {{ISI:000316639100010}},
	Volume = {{27}},
	Year = {{2013}},
	Bdsk-Url-1 = {http://dx.doi.org/10.1007/s10682-012-9619-6%7D}}

@article{ISI:000315953700003,
	Article-Number = {{20122730}},
	Author = {Kelley, Jennifer L. and Fitzpatrick, John L. and Merilaita, Sami},
	Date-Added = {2014-05-20 13:22:59 +0000},
	Date-Modified = {2014-05-20 13:22:59 +0000},
	Doi = {{10.1098/rspb.2012.2730}},
	Issn = {{0962-8452}},
	Journal = {{PROCEEDINGS OF THE ROYAL SOCIETY B-BIOLOGICAL SCIENCES}},
	Month = {{APR 22}},
	Number = {{1757}},
	Researcherid-Numbers = {{Fitzpatrick, John/E-8766-2011}},
	Title = {{Spots and stripes: ecology and colour pattern evolution in butterflyfishes}},
	Unique-Id = {{ISI:000315953700003}},
	Volume = {{280}},
	Year = {{2013}},
	Bdsk-Url-1 = {http://dx.doi.org/10.1098/rspb.2012.2730%7D}}

@article{ISI:000317319100010,
	Author = {Rigal, Francois and Whittaker, Robert J. and Triantis, Kostas A. and Borges, Paulo A. V.},
	Date-Added = {2014-05-20 13:22:59 +0000},
	Date-Modified = {2014-05-20 13:22:59 +0000},
	Doi = {{10.1016/j.actao.2013.02.003}},
	Eissn = {{1873-6238}},
	Issn = {{1146-609X}},
	Journal = {{ACTA OECOLOGICA-INTERNATIONAL JOURNAL OF ECOLOGY}},
	Month = {{APR}},
	Orcid-Numbers = {{Borges, Paulo/0000-0002-8448-7623 }},
	Pages = {{69-75}},
	Researcherid-Numbers = {{Borges, Paulo/B-2780-2008 publist, CMEC/C-3010-2012}},
	Title = {{Integration of non-indigenous species within the interspecific abundance-occupancy relationship}},
	Unique-Id = {{ISI:000317319100010}},
	Volume = {{48}},
	Year = {{2013}},
	Bdsk-Url-1 = {http://dx.doi.org/10.1016/j.actao.2013.02.003%7D}}

@article{ISI:000317133800004,
	Author = {Vas, Zoltan and Fuisz, Tibor I. and Fehervari, Peter and Reiczigel, Jeno and Rozsa, Lajos},
	Date-Added = {2014-05-20 13:22:59 +0000},
	Date-Modified = {2014-05-20 13:22:59 +0000},
	Doi = {{10.1111/j.1558-5646.2012.01837.x}},
	Issn = {{0014-3820}},
	Journal = {{EVOLUTION}},
	Month = {{APR}},
	Number = {{4}},
	Pages = {{959-968}},
	Researcherid-Numbers = {{Rozsa, Lajos/F-9727-2010}},
	Title = {{AVIAN BROOD PARASITISM AND ECTOPARASITE RICHNESSSCALE-DEPENDENT DIVERSITY INTERACTIONS IN A THREE-LEVEL HOSTPARASITE SYSTEM}},
	Unique-Id = {{ISI:000317133800004}},
	Volume = {{67}},
	Year = {{2013}},
	Bdsk-Url-1 = {http://dx.doi.org/10.1111/j.1558-5646.2012.01837.x%7D}}

@article{ISI:000316913000006,
	Author = {Wang, Guiming M. and Hobbs, N. Thompson and Slade, Norman A. and Merritt, Joseph F. and Getz, Lowell L. and Hunter, Jr., Malcolm and Vessey, Stephen H. and Witham, Jack and Guillaumet, Alban},
	Date-Added = {2014-05-20 13:22:59 +0000},
	Date-Modified = {2014-05-20 13:22:59 +0000},
	Doi = {{10.1111/j.1600-0587.2011.07156.x}},
	Issn = {{0906-7590}},
	Journal = {{ECOGRAPHY}},
	Month = {{APR}},
	Number = {{4}},
	Pages = {{439-446}},
	Title = {{Comparative population dynamics of large and small mammals in the Northern Hemisphere: deterministic and stochastic forces}},
	Unique-Id = {{ISI:000316913000006}},
	Volume = {{36}},
	Year = {{2013}},
	Bdsk-Url-1 = {http://dx.doi.org/10.1111/j.1600-0587.2011.07156.x%7D}}

@article{ISI:000315637900149,
	Article-Number = {{e58519}},
	Author = {de Busserolles, Fanny and Fitzpatrick, John L. and Paxton, John R. and Marshall, N. Justin and Collin, Shaun P.},
	Date-Added = {2014-05-20 13:22:59 +0000},
	Date-Modified = {2014-05-20 13:22:59 +0000},
	Doi = {{10.1371/journal.pone.0058519}},
	Issn = {{1932-6203}},
	Journal = {{PLOS ONE}},
	Month = {{MAR 5}},
	Number = {{3}},
	Researcherid-Numbers = {{Fitzpatrick, John/E-8766-2011}},
	Title = {{Eye-Size Variability in Deep-Sea Lanternfishes (Myctophidae): An Ecological and Phylogenetic Study}},
	Unique-Id = {{ISI:000315637900149}},
	Volume = {{8}},
	Year = {{2013}},
	Bdsk-Url-1 = {http://dx.doi.org/10.1371/journal.pone.0058519%7D}}

@article{ISI:000317472000019,
	Author = {Lemaitre, Jean-Francois and Gaillard, Jean-Michel},
	Date-Added = {2014-05-20 13:22:59 +0000},
	Date-Modified = {2014-05-20 13:22:59 +0000},
	Doi = {{10.1093/beheco/ars179}},
	Eissn = {{1465-7279}},
	Issn = {{1045-2249}},
	Journal = {{BEHAVIORAL ECOLOGY}},
	Month = {{MAR-APR}},
	Number = {{2}},
	Pages = {{421-428}},
	Title = {{Male survival patterns do not depend on male allocation to sexual competition in large herbivores}},
	Unique-Id = {{ISI:000317472000019}},
	Volume = {{24}},
	Year = {{2013}},
	Bdsk-Url-1 = {http://dx.doi.org/10.1093/beheco/ars179%7D}}

@article{ISI:000315333600003,
	Author = {Galvan, Ismael and Moller, Anders P.},
	Date-Added = {2014-05-20 13:22:59 +0000},
	Date-Modified = {2014-05-20 13:22:59 +0000},
	Doi = {{10.1086/668871}},
	Issn = {{1522-2152}},
	Journal = {{PHYSIOLOGICAL AND BIOCHEMICAL ZOOLOGY}},
	Month = {{MAR-APR}},
	Number = {{2}},
	Pages = {{184-192}},
	Title = {{Pheomelanin-Based Plumage Coloration Predicts Survival Rates in Birds}},
	Unique-Id = {{ISI:000315333600003}},
	Volume = {{86}},
	Year = {{2013}},
	Bdsk-Url-1 = {http://dx.doi.org/10.1086/668871%7D}}

@article{ISI:000314988900017,
	Author = {Gonzalez-Voyer, A. and Den Tex, R. -J. and Castello, A. and Leonard, J. A.},
	Date-Added = {2014-05-20 13:22:59 +0000},
	Date-Modified = {2014-05-20 13:22:59 +0000},
	Doi = {{10.1111/jeb.12084}},
	Issn = {{1010-061X}},
	Journal = {{JOURNAL OF EVOLUTIONARY BIOLOGY}},
	Month = {{MAR}},
	Number = {{3}},
	Orcid-Numbers = {{CSIC, EBD Donana/0000-0003-4318-6602}},
	Pages = {{647-659}},
	Researcherid-Numbers = {{CSIC, EBD Donana/C-4157-2011}},
	Title = {{Evolution of acoustic and visual signals in Asian barbets}},
	Unique-Id = {{ISI:000314988900017}},
	Volume = {{26}},
	Year = {{2013}},
	Bdsk-Url-1 = {http://dx.doi.org/10.1111/jeb.12084%7D}}

@article{ISI:000314874400024,
	Author = {Edelaar, Pim},
	Date-Added = {2014-05-20 13:22:59 +0000},
	Date-Modified = {2014-05-20 13:22:59 +0000},
	Doi = {{10.1126/science.1228281}},
	Issn = {{0036-8075}},
	Journal = {{SCIENCE}},
	Month = {{FEB 15}},
	Number = {{6121}},
	Orcid-Numbers = {{CSIC, EBD Donana/0000-0003-4318-6602}},
	Researcherid-Numbers = {{CSIC, EBD Donana/C-4157-2011}},
	Title = {{Comment on ``Evolutionary Trade-Offs, Pareto Optimality, and the Geometry of Phenotype Space{''}}},
	Unique-Id = {{ISI:000314874400024}},
	Volume = {{339}},
	Year = {{2013}},
	Bdsk-Url-1 = {http://dx.doi.org/10.1126/science.1228281%7D}}

@article{ISI:000314167400005,
	Author = {Kutsukake, Nobuyuki and Innan, Hideki},
	Date-Added = {2014-05-20 13:22:59 +0000},
	Date-Modified = {2014-05-20 13:22:59 +0000},
	Doi = {{10.1111/j.1558-5646.2012.01775.x}},
	Issn = {{0014-3820}},
	Journal = {{EVOLUTION}},
	Month = {{FEB}},
	Number = {{2}},
	Pages = {{355-367}},
	Title = {{SIMULATION-BASED LIKELIHOOD APPROACH FOR EVOLUTIONARY MODELS OF PHENOTYPIC TRAITS ON PHYLOGENY}},
	Unique-Id = {{ISI:000314167400005}},
	Volume = {{67}},
	Year = {{2013}},
	Bdsk-Url-1 = {http://dx.doi.org/10.1111/j.1558-5646.2012.01775.x%7D}}

@article{ISI:000313267000009,
	Author = {Laube, Irina and Korntheuer, Heiko and Schwager, Monika and Trautmann, Sven and Rahbek, Carsten and Boehning-Gaese, Katrin},
	Date-Added = {2014-05-20 13:22:59 +0000},
	Date-Modified = {2014-05-20 13:22:59 +0000},
	Doi = {{10.1111/j.1466-8238.2012.00798.x}},
	Issn = {{1466-822X}},
	Journal = {{GLOBAL ECOLOGY AND BIOGEOGRAPHY}},
	Month = {{FEB}},
	Number = {{2}},
	Pages = {{233-241}},
	Researcherid-Numbers = {{Rahbek, Carsten/D-9372-2013 Rahbek, Carsten/L-1129-2013 publist, CMEC/C-3010-2012}},
	Title = {{Towards a more mechanistic understanding of traits and range sizes}},
	Unique-Id = {{ISI:000313267000009}},
	Volume = {{22}},
	Year = {{2013}},
	Bdsk-Url-1 = {http://dx.doi.org/10.1111/j.1466-8238.2012.00798.x%7D}}

@article{ISI:000330926000004,
	Author = {Monteiro, Leandro Rabello},
	Date-Added = {2014-05-20 13:22:59 +0000},
	Date-Modified = {2014-05-20 13:22:59 +0000},
	Doi = {{10.4404/hystrix-24.1-6282}},
	Eissn = {{1825-5272}},
	Issn = {{0394-1914}},
	Journal = {{HYSTRIX-ITALIAN JOURNAL OF MAMMALOGY}},
	Number = {{1}},
	Pages = {{25-32}},
	Title = {{Morphometrics and the comparative method: studying the evolution of biological shape}},
	Unique-Id = {{ISI:000330926000004}},
	Volume = {{24}},
	Year = {{2013}},
	Bdsk-Url-1 = {http://dx.doi.org/10.4404/hystrix-24.1-6282%7D}}

@article{ISI:000322374400005,
	Author = {Reinhardt, Klaus and Otti, Oliver},
	Date-Added = {2014-05-20 13:22:59 +0000},
	Date-Modified = {2014-05-20 13:22:59 +0000},
	Issn = {{1522-0613}},
	Journal = {{EVOLUTIONARY ECOLOGY RESEARCH}},
	Month = {{NOV}},
	Number = {{8}},
	Pages = {{1039-1056}},
	Title = {{Comparing sperm swimming speed}},
	Unique-Id = {{ISI:000322374400005}},
	Volume = {{14}},
	Year = {{2012}}}

@article{ISI:000310266600004,
	Author = {Rojas, Danny and Vale, Angel and Ferrero, Victoria and Navarro, Luis},
	Date-Added = {2014-05-20 13:22:59 +0000},
	Date-Modified = {2014-05-20 13:22:59 +0000},
	Doi = {{10.1111/j.1365-2699.2012.02709.x}},
	Issn = {{0305-0270}},
	Journal = {{JOURNAL OF BIOGEOGRAPHY}},
	Month = {{NOV}},
	Number = {{11}},
	Pages = {{1948-1960}},
	Researcherid-Numbers = {{Ferrero, Victoria/C-4713-2013}},
	Title = {{The role of frugivory in the diversification of bats in the Neotropics}},
	Unique-Id = {{ISI:000310266600004}},
	Volume = {{39}},
	Year = {{2012}},
	Bdsk-Url-1 = {http://dx.doi.org/10.1111/j.1365-2699.2012.02709.x%7D}}

@article{ISI:000308067900012,
	Author = {Van Sant, Matthew J. and Oufiero, Christopher E. and Munoz-Garcia, Agusti and Hammond, Kimberly A. and Williams, Joseph B.},
	Date-Added = {2014-05-20 13:22:59 +0000},
	Date-Modified = {2014-05-20 13:22:59 +0000},
	Doi = {{10.1086/667579}},
	Issn = {{1522-2152}},
	Journal = {{PHYSIOLOGICAL AND BIOCHEMICAL ZOOLOGY}},
	Month = {{SEP-OCT}},
	Number = {{5}},
	Pages = {{526-532}},
	Title = {{A Phylogenetic Approach to Total Evaporative Water Loss in Mammals}},
	Unique-Id = {{ISI:000308067900012}},
	Volume = {{85}},
	Year = {{2012}},
	Bdsk-Url-1 = {http://dx.doi.org/10.1086/667579%7D}}

@article{ISI:000307552500003,
	Author = {Jennions, Michael D. and Kahn, Andrew T. and Kelly, Clint D. and Kokko, Hanna},
	Date-Added = {2014-05-20 13:22:59 +0000},
	Date-Modified = {2014-05-20 13:22:59 +0000},
	Doi = {{10.1007/s10682-012-9567-1}},
	Issn = {{0269-7653}},
	Journal = {{EVOLUTIONARY ECOLOGY}},
	Month = {{SEP}},
	Number = {{5, SI}},
	Orcid-Numbers = {{Jennions, Michael/0000-0001-9221-2788}},
	Pages = {{1119-1151}},
	Researcherid-Numbers = {{Kokko, Hanna/C-7861-2009 Jennions, Michael/C-7560-2009}},
	Title = {{Meta-analysis and sexual selection: past studies and future possibilities}},
	Unique-Id = {{ISI:000307552500003}},
	Volume = {{26}},
	Year = {{2012}},
	Bdsk-Url-1 = {http://dx.doi.org/10.1007/s10682-012-9567-1%7D}}

@article{ISI:000307510600019,
	Author = {Zsolt Garamszegi, Laszlo and Moller, Anders Pape},
	Date-Added = {2014-05-20 13:22:59 +0000},
	Date-Modified = {2014-05-20 13:22:59 +0000},
	Doi = {{10.1007/s00265-012-1370-z}},
	Issn = {{0340-5443}},
	Journal = {{BEHAVIORAL ECOLOGY AND SOCIOBIOLOGY}},
	Month = {{SEP}},
	Number = {{9}},
	Orcid-Numbers = {{CSIC, EBD Donana/0000-0003-4318-6602}},
	Pages = {{1363-1373}},
	Researcherid-Numbers = {{CSIC, EBD Donana/C-4157-2011}},
	Title = {{Untested assumptions about within-species sample size and missing data in interspecific studies}},
	Unique-Id = {{ISI:000307510600019}},
	Volume = {{66}},
	Year = {{2012}},
	Bdsk-Url-1 = {http://dx.doi.org/10.1007/s00265-012-1370-z%7D}}

@article{ISI:000304537700004,
	Author = {Ord, Terry J. and Garcia-Porta, Joan},
	Date-Added = {2014-05-20 13:22:59 +0000},
	Date-Modified = {2014-05-20 13:22:59 +0000},
	Doi = {{10.1098/rstb.2011.0215}},
	Issn = {{0962-8436}},
	Journal = {{PHILOSOPHICAL TRANSACTIONS OF THE ROYAL SOCIETY B-BIOLOGICAL SCIENCES}},
	Month = {{JUL 5}},
	Number = {{1597, SI}},
	Orcid-Numbers = {{Ord, Terry/0000-0002-2608-2150}},
	Pages = {{1811-1828}},
	Researcherid-Numbers = {{Ord, Terry/C-6870-2009}},
	Title = {{Is sociality required for the evolution of communicative complexity? Evidence weighed against alternative hypotheses in diverse taxonomic groups}},
	Unique-Id = {{ISI:000304537700004}},
	Volume = {{367}},
	Year = {{2012}},
	Bdsk-Url-1 = {http://dx.doi.org/10.1098/rstb.2011.0215%7D}}

@article{ISI:000305532700043,
	Author = {Vas, Zoltan and Csorba, Gabor and Rozsa, Lajos},
	Date-Added = {2014-05-20 13:22:59 +0000},
	Date-Modified = {2014-05-20 13:22:59 +0000},
	Doi = {{10.1007/s00436-012-2850-9}},
	Issn = {{0932-0113}},
	Journal = {{PARASITOLOGY RESEARCH}},
	Month = {{JUL}},
	Number = {{1}},
	Pages = {{393-401}},
	Researcherid-Numbers = {{Rozsa, Lajos/F-9727-2010}},
	Title = {{Evolutionary co-variation of host and parasite diversity-the first test of Eichler's rule using parasitic lice (Insecta: Phthiraptera)}},
	Unique-Id = {{ISI:000305532700043}},
	Volume = {{111}},
	Year = {{2012}},
	Bdsk-Url-1 = {http://dx.doi.org/10.1007/s00436-012-2850-9%7D}}

@article{ISI:000305000000012,
	Author = {Schuldt, Andreas and Bruelheide, Helge and Durka, Walter and Eichenberg, David and Fischer, Markus and Kroeber, Wenzel and Haerdtle, Werner and Ma, Keping and Michalski, Stefan G. and Palm, Wolf-Ulrich and Schmid, Bernhard and Welk, Erik and Zhou, Hongzhang and Assmann, Thorsten},
	Date-Added = {2014-05-20 13:22:59 +0000},
	Date-Modified = {2014-05-20 13:22:59 +0000},
	Doi = {{10.1111/j.1461-0248.2012.01792.x}},
	Issn = {{1461-023X}},
	Journal = {{ECOLOGY LETTERS}},
	Month = {{JUL}},
	Number = {{7}},
	Orcid-Numbers = {{Bruelheide, Helge/0000-0003-3135-0356 Schmid, Bernhard/0000-0002-8430-3214}},
	Pages = {{732-739}},
	Researcherid-Numbers = {{Fischer, Markus/C-6411-2008 Durka, Walter/E-4667-2010 Bruelheide, Helge/G-3907-2013 Schuldt, Andreas/J-9429-2013 Schmid, Bernhard/C-8625-2009}},
	Title = {{Plant traits affecting herbivory on tree recruits in highly diverse subtropical forests}},
	Unique-Id = {{ISI:000305000000012}},
	Volume = {{15}},
	Year = {{2012}},
	Bdsk-Url-1 = {http://dx.doi.org/10.1111/j.1461-0248.2012.01792.x%7D}}

@article{ISI:000308560200001,
	Article-Number = {{103}},
	Author = {Pointer, Marie A. and Kamilar, Jason M. and Warmuth, Vera and Chester, Stephen G. B. and Delsuc, Frederic and Mundy, Nicholas I. and Asher, Robert J. and Bradley, Brenda J.},
	Date-Added = {2014-05-20 13:22:59 +0000},
	Date-Modified = {2014-05-20 13:22:59 +0000},
	Doi = {{10.1186/1471-2148-12-103}},
	Issn = {{1471-2148}},
	Journal = {{BMC EVOLUTIONARY BIOLOGY}},
	Month = {{JUN 28}},
	Researcherid-Numbers = {{Warmuth, Vera/H-6876-2012}},
	Title = {{RUNX2 tandem repeats and the evolution of facial length in placental mammals}},
	Unique-Id = {{ISI:000308560200001}},
	Volume = {{12}},
	Year = {{2012}},
	Bdsk-Url-1 = {http://dx.doi.org/10.1186/1471-2148-12-103%7D}}

@article{ISI:000304187400002,
	Author = {Enard, Wolfgang},
	Date-Added = {2014-05-20 13:22:59 +0000},
	Date-Modified = {2014-05-20 13:22:59 +0000},
	Doi = {{10.1007/s00109-012-0901-4}},
	Issn = {{0946-2716}},
	Journal = {{JOURNAL OF MOLECULAR MEDICINE-JMM}},
	Month = {{MAY}},
	Number = {{5}},
	Pages = {{471-480}},
	Title = {{Functional primate genomics-leveraging the medical potential}},
	Unique-Id = {{ISI:000304187400002}},
	Volume = {{90}},
	Year = {{2012}},
	Bdsk-Url-1 = {http://dx.doi.org/10.1007/s00109-012-0901-4%7D}}

@article{ISI:000303336200002,
	Author = {Blomberg, Simon P. and Lefevre, James G. and Wells, Jessie A. and Waterhouse, Mary},
	Date-Added = {2014-05-20 13:22:59 +0000},
	Date-Modified = {2014-05-20 13:22:59 +0000},
	Doi = {{10.1093/sysbio/syr118}},
	Issn = {{1063-5157}},
	Journal = {{SYSTEMATIC BIOLOGY}},
	Month = {{MAY}},
	Number = {{3}},
	Orcid-Numbers = {{Blomberg, Simon/0000-0003-1062-0839 Wells, Jessie/0000-0002-3555-5108}},
	Pages = {{382-391}},
	Researcherid-Numbers = {{Blomberg, Simon/B-7613-2008 Wells, Jessie/F-7318-2010}},
	Title = {{Independent Contrasts and PGLS Regression Estimators Are Equivalent}},
	Unique-Id = {{ISI:000303336200002}},
	Volume = {{61}},
	Year = {{2012}},
	Bdsk-Url-1 = {http://dx.doi.org/10.1093/sysbio/syr118%7D}}

@article{ISI:000305322900053,
	Article-Number = {{e1002720}},
	Author = {Streicker, Daniel G. and Lemey, Philippe and Velasco-Villa, Andres and Rupprecht, Charles E.},
	Date-Added = {2014-05-20 13:22:59 +0000},
	Date-Modified = {2014-05-20 13:22:59 +0000},
	Doi = {{10.1371/journal.ppat.1002720}},
	Issn = {{1553-7374}},
	Journal = {{PLOS PATHOGENS}},
	Month = {{MAY}},
	Number = {{5}},
	Title = {{Rates of Viral Evolution Are Linked to Host Geography in Bat Rabies}},
	Unique-Id = {{ISI:000305322900053}},
	Volume = {{8}},
	Year = {{2012}},
	Bdsk-Url-1 = {http://dx.doi.org/10.1371/journal.ppat.1002720%7D}}

@article{ISI:000301332900010,
	Author = {Covas, Rita},
	Date-Added = {2014-05-20 13:22:59 +0000},
	Date-Modified = {2014-05-20 13:22:59 +0000},
	Doi = {{10.1098/rspb.2011.1785}},
	Issn = {{0962-8452}},
	Journal = {{PROCEEDINGS OF THE ROYAL SOCIETY B-BIOLOGICAL SCIENCES}},
	Month = {{APR 22}},
	Number = {{1733}},
	Pages = {{1531-1537}},
	Title = {{Evolution of reproductive life histories in island birds worldwide}},
	Unique-Id = {{ISI:000301332900010}},
	Volume = {{279}},
	Year = {{2012}},
	Bdsk-Url-1 = {http://dx.doi.org/10.1098/rspb.2011.1785%7D}}

@article{ISI:000302546700007,
	Author = {Gomez-Robles, Aida and Polly, P. David},
	Date-Added = {2014-05-20 13:22:59 +0000},
	Date-Modified = {2014-05-20 13:22:59 +0000},
	Doi = {{10.1111/j.1558-5646.2011.01508.x}},
	Issn = {{0014-3820}},
	Journal = {{EVOLUTION}},
	Month = {{APR}},
	Number = {{4}},
	Pages = {{1024-1043}},
	Title = {{MORPHOLOGICAL INTEGRATION IN THE HOMININ DENTITION: EVOLUTIONARY, DEVELOPMENTAL, AND FUNCTIONAL FACTORS}},
	Unique-Id = {{ISI:000302546700007}},
	Volume = {{66}},
	Year = {{2012}},
	Bdsk-Url-1 = {http://dx.doi.org/10.1111/j.1558-5646.2011.01508.x%7D}}

@article{ISI:000302546700010,
	Author = {Felizola Diniz Filho, Jose Alexandre and Rangel, Thiago F. and Santos, Thiago and Bini, Luis Mauricio},
	Date-Added = {2014-05-20 13:22:59 +0000},
	Date-Modified = {2014-05-20 13:22:59 +0000},
	Doi = {{10.1111/j.1558-5646.2011.01499.x}},
	Eissn = {{1558-5646}},
	Issn = {{0014-3820}},
	Journal = {{EVOLUTION}},
	Month = {{APR}},
	Number = {{4}},
	Orcid-Numbers = {{Santos, Thiago/0000-0002-3730-5989}},
	Pages = {{1079-1090}},
	Researcherid-Numbers = {{Rangel, Thiago/H-8708-2012 Bini, Luis/D-5865-2013 Diniz-Filho, Jose Alexandre/D-9405-2013 Santos, Thiago/J-9478-2013}},
	Title = {{EXPLORING PATTERNS OF INTERSPECIFIC VARIATION IN QUANTITATIVE TRAITS USING SEQUENTIAL PHYLOGENETIC EIGENVECTOR REGRESSIONS}},
	Unique-Id = {{ISI:000302546700010}},
	Volume = {{66}},
	Year = {{2012}},
	Bdsk-Url-1 = {http://dx.doi.org/10.1111/j.1558-5646.2011.01499.x%7D}}
